[{"instId": "OKB-USDT", "side": "sell", "sz": "3.922418", "px": "45.03", "tradeId": "161236354", "ts": "1731439543982"}, {"instId": "OKB-USDT", "side": "sell", "sz": "1", "px": "45.03", "tradeId": "161236353", "ts": "1731439543982"}, {"instId": "OKB-USDT", "side": "sell", "sz": "5.04", "px": "45.03", "tradeId": "161236352", "ts": "1731439543982"}, {"instId": "OKB-USDT", "side": "sell", "sz": "5.2", "px": "45.03", "tradeId": "161236351", "ts": "1731439543982"}, {"instId": "OKB-USDT", "side": "sell", "sz": "3", "px": "45.03", "tradeId": "161236350", "ts": "1731439543982"}, {"instId": "OKB-USDT", "side": "sell", "sz": "0.15", "px": "45.03", "tradeId": "161236349", "ts": "1731439543982"}, {"instId": "OKB-USDT", "side": "sell", "sz": "5.979425", "px": "45.04", "tradeId": "161236348", "ts": "1731439543982"}, {"instId": "OKB-USDT", "side": "sell", "sz": "3", "px": "45.04", "tradeId": "161236347", "ts": "1731439543982"}, {"instId": "OKB-USDT", "side": "sell", "sz": "5.04", "px": "45.04", "tradeId": "161236346", "ts": "1731439543982"}, {"instId": "OKB-USDT", "side": "sell", "sz": "0.15", "px": "45.04", "tradeId": "161236345", "ts": "1731439543982"}, {"instId": "OKB-USDT", "side": "sell", "sz": "0.15", "px": "45.04", "tradeId": "161236344", "ts": "1731439543982"}, {"instId": "OKB-USDT", "side": "sell", "sz": "0.08202", "px": "45.04", "tradeId": "161236343", "ts": "1731439543982"}, {"instId": "OKB-USDT", "side": "sell", "sz": "3.6", "px": "45.05", "tradeId": "161236342", "ts": "1731439543982"}, {"instId": "OKB-USDT", "side": "sell", "sz": "5.04", "px": "45.05", "tradeId": "161236341", "ts": "1731439543982"}, {"instId": "OKB-USDT", "side": "sell", "sz": "0.15", "px": "45.05", "tradeId": "161236340", "ts": "1731439543982"}, {"instId": "OKB-USDT", "side": "sell", "sz": "0.843044", "px": "45.06", "tradeId": "161236339", "ts": "1731439543982"}, {"instId": "OKB-USDT", "side": "sell", "sz": "0.345138", "px": "45.08", "tradeId": "161236338", "ts": "1731439543982"}, {"instId": "OKB-USDT", "side": "sell", "sz": "2.130783", "px": "45.08", "tradeId": "161236337", "ts": "1731439543982"}, {"instId": "OKB-USDT", "side": "buy", "sz": "0.332889", "px": "45.06", "tradeId": "161236355", "ts": "1731439548871"}, {"instId": "OKB-USDT", "side": "sell", "sz": "1.826159", "px": "45.05", "tradeId": "161236357", "ts": "1731439550789"}, {"instId": "OKB-USDT", "side": "sell", "sz": "1.08139", "px": "45.05", "tradeId": "161236356", "ts": "1731439550789"}, {"instId": "OKB-USDT", "side": "buy", "sz": "2.008418", "px": "45.08", "tradeId": "161236361", "ts": "1731439557957"}, {"instId": "OKB-USDT", "side": "buy", "sz": "2.371852", "px": "45.08", "tradeId": "161236360", "ts": "1731439557957"}, {"instId": "OKB-USDT", "side": "buy", "sz": "1.107597", "px": "45.07", "tradeId": "161236359", "ts": "1731439557957"}, {"instId": "OKB-USDT", "side": "buy", "sz": "2.173058", "px": "45.06", "tradeId": "161236358", "ts": "1731439557957"}, {"instId": "OKB-USDT", "side": "buy", "sz": "0.176796", "px": "45.08", "tradeId": "161236362", "ts": "1731439563581"}, {"instId": "OKB-USDT", "side": "buy", "sz": "1.019712", "px": "45.09", "tradeId": "161236365", "ts": "1731439596223"}, {"instId": "OKB-USDT", "side": "buy", "sz": "0.267876", "px": "45.08", "tradeId": "161236364", "ts": "1731439596223"}, {"instId": "OKB-USDT", "side": "buy", "sz": "0.930464", "px": "45.08", "tradeId": "161236363", "ts": "1731439596223"}, {"instId": "OKB-USDT", "side": "sell", "sz": "0.148576", "px": "45.06", "tradeId": "161236366", "ts": "1731439596854"}, {"instId": "OKB-USDT", "side": "buy", "sz": "12.365827", "px": "45.08", "tradeId": "161236370", "ts": "1731439629291"}, {"instId": "OKB-USDT", "side": "buy", "sz": "0.15", "px": "45.08", "tradeId": "161236369", "ts": "1731439629291"}, {"instId": "OKB-USDT", "side": "buy", "sz": "0.230768", "px": "45.08", "tradeId": "161236368", "ts": "1731439629291"}, {"instId": "OKB-USDT", "side": "buy", "sz": "1.107445", "px": "45.07", "tradeId": "161236367", "ts": "1731439629291"}, {"instId": "OKB-USDT", "side": "buy", "sz": "11.01114", "px": "45.09", "tradeId": "161236371", "ts": "1731439629644"}, {"instId": "OKB-USDT", "side": "buy", "sz": "19.787757", "px": "45.09", "tradeId": "161236372", "ts": "1731439630045"}, {"instId": "OKB-USDT", "side": "buy", "sz": "15.660929", "px": "45.09", "tradeId": "161236373", "ts": "1731439630446"}, {"instId": "OKB-USDT", "side": "buy", "sz": "1.107066", "px": "45.09", "tradeId": "161236375", "ts": "1731439630452"}, {"instId": "OKB-USDT", "side": "buy", "sz": "71.638143", "px": "45.09", "tradeId": "161236374", "ts": "1731439630452"}, {"instId": "OKB-USDT", "side": "buy", "sz": "0.578078", "px": "45.13", "tradeId": "161236387", "ts": "1731439630845"}, {"instId": "OKB-USDT", "side": "buy", "sz": "1.132198", "px": "45.13", "tradeId": "161236386", "ts": "1731439630845"}, {"instId": "OKB-USDT", "side": "buy", "sz": "0.229604", "px": "45.13", "tradeId": "161236385", "ts": "1731439630845"}, {"instId": "OKB-USDT", "side": "buy", "sz": "0.15", "px": "45.13", "tradeId": "161236384", "ts": "1731439630845"}, {"instId": "OKB-USDT", "side": "buy", "sz": "0.15", "px": "45.13", "tradeId": "161236383", "ts": "1731439630845"}, {"instId": "OKB-USDT", "side": "buy", "sz": "0.19501", "px": "45.12", "tradeId": "161236382", "ts": "1731439630845"}, {"instId": "OKB-USDT", "side": "buy", "sz": "4.7", "px": "45.12", "tradeId": "161236381", "ts": "1731439630845"}, {"instId": "OKB-USDT", "side": "buy", "sz": "0.15", "px": "45.12", "tradeId": "161236380", "ts": "1731439630845"}, {"instId": "OKB-USDT", "side": "buy", "sz": "0.15", "px": "45.11", "tradeId": "161236379", "ts": "1731439630845"}, {"instId": "OKB-USDT", "side": "buy", "sz": "0.15", "px": "45.11", "tradeId": "161236378", "ts": "1731439630845"}, {"instId": "OKB-USDT", "side": "buy", "sz": "0.273409", "px": "45.11", "tradeId": "161236377", "ts": "1731439630845"}, {"instId": "OKB-USDT", "side": "buy", "sz": "10.010667", "px": "45.1", "tradeId": "161236376", "ts": "1731439630845"}, {"instId": "OKB-USDT", "side": "buy", "sz": "3.878559", "px": "45.13", "tradeId": "161236391", "ts": "1731439631245"}, {"instId": "OKB-USDT", "side": "buy", "sz": "4.121922", "px": "45.13", "tradeId": "161236390", "ts": "1731439631245"}, {"instId": "OKB-USDT", "side": "buy", "sz": "4", "px": "45.12", "tradeId": "161236389", "ts": "1731439631245"}, {"instId": "OKB-USDT", "side": "buy", "sz": "1.106289", "px": "45.12", "tradeId": "161236388", "ts": "1731439631245"}, {"instId": "OKB-USDT", "side": "buy", "sz": "2.574219", "px": "45.15", "tradeId": "161236397", "ts": "1731439631645"}, {"instId": "OKB-USDT", "side": "buy", "sz": "0.15", "px": "45.15", "tradeId": "161236396", "ts": "1731439631645"}, {"instId": "OKB-USDT", "side": "buy", "sz": "0.15", "px": "45.15", "tradeId": "161236395", "ts": "1731439631645"}, {"instId": "OKB-USDT", "side": "buy", "sz": "5.04", "px": "45.14", "tradeId": "161236394", "ts": "1731439631645"}, {"instId": "OKB-USDT", "side": "buy", "sz": "3.7", "px": "45.14", "tradeId": "161236393", "ts": "1731439631645"}, {"instId": "OKB-USDT", "side": "buy", "sz": "2.7", "px": "45.14", "tradeId": "161236392", "ts": "1731439631645"}, {"instId": "OKB-USDT", "side": "buy", "sz": "1.624326", "px": "45.16", "tradeId": "161236409", "ts": "1731439634945"}, {"instId": "OKB-USDT", "side": "buy", "sz": "5", "px": "45.16", "tradeId": "161236408", "ts": "1731439634945"}, {"instId": "OKB-USDT", "side": "buy", "sz": "0.137066", "px": "45.16", "tradeId": "161236407", "ts": "1731439634945"}, {"instId": "OKB-USDT", "side": "buy", "sz": "0.235096", "px": "45.16", "tradeId": "161236406", "ts": "1731439634945"}, {"instId": "OKB-USDT", "side": "buy", "sz": "0.236375", "px": "45.16", "tradeId": "161236405", "ts": "1731439634945"}, {"instId": "OKB-USDT", "side": "buy", "sz": "0.239025", "px": "45.16", "tradeId": "161236404", "ts": "1731439634945"}, {"instId": "OKB-USDT", "side": "buy", "sz": "0.15", "px": "45.16", "tradeId": "161236403", "ts": "1731439634945"}, {"instId": "OKB-USDT", "side": "buy", "sz": "0.15", "px": "45.15", "tradeId": "161236402", "ts": "1731439634945"}, {"instId": "OKB-USDT", "side": "buy", "sz": "5.04", "px": "45.15", "tradeId": "161236401", "ts": "1731439634945"}, {"instId": "OKB-USDT", "side": "buy", "sz": "1.08139", "px": "45.14", "tradeId": "161236400", "ts": "1731439634945"}, {"instId": "OKB-USDT", "side": "buy", "sz": "2.178474", "px": "45.14", "tradeId": "161236399", "ts": "1731439634945"}, {"instId": "OKB-USDT", "side": "buy", "sz": "1.105832", "px": "45.14", "tradeId": "161236398", "ts": "1731439634945"}, {"instId": "OKB-USDT", "side": "buy", "sz": "3.747749", "px": "45.16", "tradeId": "161236414", "ts": "1731439635346"}, {"instId": "OKB-USDT", "side": "buy", "sz": "5.04", "px": "45.16", "tradeId": "161236413", "ts": "1731439635346"}, {"instId": "OKB-USDT", "side": "buy", "sz": "0.375674", "px": "45.16", "tradeId": "161236412", "ts": "1731439635346"}, {"instId": "OKB-USDT", "side": "buy", "sz": "4", "px": "45.15", "tradeId": "161236411", "ts": "1731439635346"}, {"instId": "OKB-USDT", "side": "buy", "sz": "1.6", "px": "45.15", "tradeId": "161236410", "ts": "1731439635346"}, {"instId": "OKB-USDT", "side": "buy", "sz": "3.988436", "px": "45.16", "tradeId": "161236418", "ts": "1731439635746"}, {"instId": "OKB-USDT", "side": "buy", "sz": "4", "px": "45.16", "tradeId": "161236417", "ts": "1731439635746"}, {"instId": "OKB-USDT", "side": "buy", "sz": "4", "px": "45.15", "tradeId": "161236416", "ts": "1731439635746"}, {"instId": "OKB-USDT", "side": "buy", "sz": "1.105603", "px": "45.15", "tradeId": "161236415", "ts": "1731439635746"}, {"instId": "OKB-USDT", "side": "buy", "sz": "0.113232", "px": "45.17", "tradeId": "161236419", "ts": "1731439636145"}, {"instId": "OKB-USDT", "side": "buy", "sz": "2.682308", "px": "45.18", "tradeId": "161236427", "ts": "1731439645569"}, {"instId": "OKB-USDT", "side": "buy", "sz": "0.15", "px": "45.18", "tradeId": "161236426", "ts": "1731439645569"}, {"instId": "OKB-USDT", "side": "buy", "sz": "4", "px": "45.17", "tradeId": "161236425", "ts": "1731439645569"}, {"instId": "OKB-USDT", "side": "buy", "sz": "0.15", "px": "45.17", "tradeId": "161236424", "ts": "1731439645569"}, {"instId": "OKB-USDT", "side": "buy", "sz": "5.04", "px": "45.17", "tradeId": "161236423", "ts": "1731439645569"}, {"instId": "OKB-USDT", "side": "buy", "sz": "5.04", "px": "45.17", "tradeId": "161236422", "ts": "1731439645569"}, {"instId": "OKB-USDT", "side": "buy", "sz": "0.036768", "px": "45.17", "tradeId": "161236421", "ts": "1731439645569"}, {"instId": "OKB-USDT", "side": "buy", "sz": "5.04", "px": "45.16", "tradeId": "161236420", "ts": "1731439645569"}, {"instId": "OKB-USDT", "side": "sell", "sz": "0.244966", "px": "45.13", "tradeId": "161236428", "ts": "1731439647354"}, {"instId": "OKB-USDT", "side": "buy", "sz": "0.535012", "px": "45.17", "tradeId": "161236430", "ts": "1731439647663"}, {"instId": "OKB-USDT", "side": "buy", "sz": "0.552758", "px": "45.16", "tradeId": "161236429", "ts": "1731439647663"}, {"instId": "OKB-USDT", "side": "buy", "sz": "2.7", "px": "45.17", "tradeId": "161236435", "ts": "1731439656752"}, {"instId": "OKB-USDT", "side": "buy", "sz": "0.15", "px": "45.17", "tradeId": "161236434", "ts": "1731439656752"}, {"instId": "OKB-USDT", "side": "buy", "sz": "4.504988", "px": "45.17", "tradeId": "161236433", "ts": "1731439656752"}, {"instId": "OKB-USDT", "side": "buy", "sz": "0.552708", "px": "45.16", "tradeId": "161236432", "ts": "1731439656752"}, {"instId": "OKB-USDT", "side": "buy", "sz": "0.244978", "px": "45.16", "tradeId": "161236431", "ts": "1731439656752"}, {"instId": "OKB-USDT", "side": "sell", "sz": "16.292261", "px": "45.17", "tradeId": "161236437", "ts": "1731439656761"}, {"instId": "OKB-USDT", "side": "sell", "sz": "6.3323", "px": "45.17", "tradeId": "161236436", "ts": "1731439656761"}, {"instId": "OKB-USDT", "side": "buy", "sz": "4.946035", "px": "45.17", "tradeId": "161236440", "ts": "1731439686005"}, {"instId": "OKB-USDT", "side": "buy", "sz": "3.7", "px": "45.17", "tradeId": "161236439", "ts": "1731439686005"}, {"instId": "OKB-USDT", "side": "buy", "sz": "0.552735", "px": "45.16", "tradeId": "161236438", "ts": "1731439686005"}, {"instId": "OKB-USDT", "side": "sell", "sz": "80.397301", "px": "45.17", "tradeId": "161236441", "ts": "1731439686014"}, {"instId": "OKB-USDT", "side": "sell", "sz": "0.177109", "px": "45.13", "tradeId": "161236442", "ts": "1731439719854"}, {"instId": "OKB-USDT", "side": "buy", "sz": "0.15497", "px": "45.15", "tradeId": "161236443", "ts": "1731439747413"}, {"instId": "OKB-USDT", "side": "sell", "sz": "3.805289", "px": "45.13", "tradeId": "161236445", "ts": "1731439760366"}, {"instId": "OKB-USDT", "side": "sell", "sz": "2.178474", "px": "45.13", "tradeId": "161236444", "ts": "1731439760366"}, {"instId": "OKB-USDT", "side": "sell", "sz": "0.218143", "px": "45.11", "tradeId": "161236446", "ts": "1731439762354"}, {"instId": "OKB-USDT", "side": "buy", "sz": "2.175762", "px": "45.12", "tradeId": "161236448", "ts": "1731439774772"}, {"instId": "OKB-USDT", "side": "buy", "sz": "0.177122", "px": "45.12", "tradeId": "161236447", "ts": "1731439774772"}, {"instId": "OKB-USDT", "side": "buy", "sz": "1.065884", "px": "45.17", "tradeId": "161236450", "ts": "1731439802163"}, {"instId": "OKB-USDT", "side": "buy", "sz": "0.218151", "px": "45.16", "tradeId": "161236449", "ts": "1731439802163"}, {"instId": "OKB-USDT", "side": "sell", "sz": "0.224983", "px": "45.13", "tradeId": "161236451", "ts": "1731439803354"}, {"instId": "OKB-USDT", "side": "sell", "sz": "0.171665", "px": "45.13", "tradeId": "161236452", "ts": "1731439809729"}, {"instId": "OKB-USDT", "side": "sell", "sz": "0.455241", "px": "45.13", "tradeId": "161236453", "ts": "1731439809751"}, {"instId": "OKB-USDT", "side": "sell", "sz": "37.120145", "px": "45.12", "tradeId": "161236454", "ts": "1731439810874"}, {"instId": "OKB-USDT", "side": "sell", "sz": "0.15", "px": "45.1", "tradeId": "161236456", "ts": "1731439810878"}, {"instId": "OKB-USDT", "side": "sell", "sz": "0.15", "px": "45.1", "tradeId": "161236455", "ts": "1731439810878"}, {"instId": "OKB-USDT", "side": "buy", "sz": "0.121581", "px": "45.17", "tradeId": "161236473", "ts": "1731439817655"}, {"instId": "OKB-USDT", "side": "buy", "sz": "0.15", "px": "45.17", "tradeId": "161236472", "ts": "1731439817655"}, {"instId": "OKB-USDT", "side": "buy", "sz": "4", "px": "45.17", "tradeId": "161236471", "ts": "1731439817655"}, {"instId": "OKB-USDT", "side": "buy", "sz": "3.934116", "px": "45.17", "tradeId": "161236470", "ts": "1731439817655"}, {"instId": "OKB-USDT", "side": "buy", "sz": "1.105273", "px": "45.16", "tradeId": "161236469", "ts": "1731439817655"}, {"instId": "OKB-USDT", "side": "buy", "sz": "0.15", "px": "45.16", "tradeId": "161236468", "ts": "1731439817655"}, {"instId": "OKB-USDT", "side": "buy", "sz": "4", "px": "45.16", "tradeId": "161236467", "ts": "1731439817655"}, {"instId": "OKB-USDT", "side": "buy", "sz": "0.15", "px": "45.15", "tradeId": "161236466", "ts": "1731439817655"}, {"instId": "OKB-USDT", "side": "buy", "sz": "3", "px": "45.15", "tradeId": "161236465", "ts": "1731439817655"}, {"instId": "OKB-USDT", "side": "buy", "sz": "0.15", "px": "45.15", "tradeId": "161236464", "ts": "1731439817655"}, {"instId": "OKB-USDT", "side": "buy", "sz": "0.224994", "px": "45.15", "tradeId": "161236463", "ts": "1731439817655"}, {"instId": "OKB-USDT", "side": "buy", "sz": "0.15", "px": "45.14", "tradeId": "161236462", "ts": "1731439817655"}, {"instId": "OKB-USDT", "side": "buy", "sz": "3", "px": "45.14", "tradeId": "161236461", "ts": "1731439817655"}, {"instId": "OKB-USDT", "side": "buy", "sz": "0.15", "px": "45.13", "tradeId": "161236460", "ts": "1731439817655"}, {"instId": "OKB-USDT", "side": "buy", "sz": "0.553074", "px": "45.13", "tradeId": "161236459", "ts": "1731439817655"}, {"instId": "OKB-USDT", "side": "buy", "sz": "0.224994", "px": "45.13", "tradeId": "161236458", "ts": "1731439817655"}, {"instId": "OKB-USDT", "side": "buy", "sz": "1.08139", "px": "45.12", "tradeId": "161236457", "ts": "1731439817655"}, {"instId": "OKB-USDT", "side": "sell", "sz": "0.256675", "px": "45.11", "tradeId": "161236474", "ts": "1731439853354"}, {"instId": "OKB-USDT", "side": "buy", "sz": "0.333228", "px": "45.14", "tradeId": "161236476", "ts": "1731439881428"}, {"instId": "OKB-USDT", "side": "buy", "sz": "0.653252", "px": "45.14", "tradeId": "161236475", "ts": "1731439881428"}, {"instId": "OKB-USDT", "side": "sell", "sz": "0.256114", "px": "45.11", "tradeId": "161236477", "ts": "1731439917854"}, {"instId": "OKB-USDT", "side": "buy", "sz": "0.287818", "px": "45.14", "tradeId": "161236478", "ts": "1731439919684"}, {"instId": "OKB-USDT", "side": "buy", "sz": "0.310988", "px": "45.15", "tradeId": "161236479", "ts": "1731439925999"}, {"instId": "OKB-USDT", "side": "buy", "sz": "0.638802", "px": "45.16", "tradeId": "161236483", "ts": "1731439927163"}, {"instId": "OKB-USDT", "side": "buy", "sz": "0.1", "px": "45.16", "tradeId": "161236482", "ts": "1731439927163"}, {"instId": "OKB-USDT", "side": "buy", "sz": "0.13286", "px": "45.16", "tradeId": "161236481", "ts": "1731439927163"}, {"instId": "OKB-USDT", "side": "buy", "sz": "0.241809", "px": "45.15", "tradeId": "161236480", "ts": "1731439927163"}, {"instId": "OKB-USDT", "side": "sell", "sz": "0.1483", "px": "45.16", "tradeId": "161236484", "ts": "1731439927171"}, {"instId": "OKB-USDT", "side": "sell", "sz": "0.000029", "px": "45.16", "tradeId": "161236485", "ts": "1731439927630"}, {"instId": "OKB-USDT", "side": "buy", "sz": "0.552829", "px": "45.15", "tradeId": "161236487", "ts": "1731439960863"}, {"instId": "OKB-USDT", "side": "buy", "sz": "0.478314", "px": "45.15", "tradeId": "161236486", "ts": "1731439960863"}, {"instId": "OKB-USDT", "side": "buy", "sz": "0.552805", "px": "45.15", "tradeId": "161236488", "ts": "1731439961866"}, {"instId": "OKB-USDT", "side": "buy", "sz": "0.552656", "px": "45.16", "tradeId": "161236489", "ts": "1731439970391"}, {"instId": "OKB-USDT", "side": "buy", "sz": "0.929598", "px": "45.17", "tradeId": "161236491", "ts": "1731439970472"}, {"instId": "OKB-USDT", "side": "buy", "sz": "0.15", "px": "45.17", "tradeId": "161236490", "ts": "1731439970472"}, {"instId": "OKB-USDT", "side": "buy", "sz": "0.552749", "px": "45.15", "tradeId": "161236492", "ts": "1731439977944"}, {"instId": "OKB-USDT", "side": "buy", "sz": "0.109485", "px": "45.15", "tradeId": "161236493", "ts": "1731439981390"}, {"instId": "OKB-USDT", "side": "sell", "sz": "0.021528", "px": "45.13", "tradeId": "161236495", "ts": "1731439983854"}, {"instId": "OKB-USDT", "side": "sell", "sz": "0.15", "px": "45.13", "tradeId": "161236494", "ts": "1731439983854"}, {"instId": "OKB-USDT", "side": "buy", "sz": "0.552745", "px": "45.15", "tradeId": "161236496", "ts": "1731440002645"}, {"instId": "OKB-USDT", "side": "buy", "sz": "0.552685", "px": "45.16", "tradeId": "161236497", "ts": "1731440003428"}, {"instId": "OKB-USDT", "side": "buy", "sz": "0.55264", "px": "45.16", "tradeId": "161236498", "ts": "1731440005649"}, {"instId": "OKB-USDT", "side": "buy", "sz": "0.552606", "px": "45.17", "tradeId": "161236499", "ts": "1731440007558"}, {"instId": "OKB-USDT", "side": "buy", "sz": "0.552604", "px": "45.17", "tradeId": "161236500", "ts": "1731440008453"}, {"instId": "OKB-USDT", "side": "buy", "sz": "0.552552", "px": "45.17", "tradeId": "161236501", "ts": "1731440008983"}, {"instId": "OKB-USDT", "side": "buy", "sz": "20.19104", "px": "45.2", "tradeId": "161236525", "ts": "1731440029940"}, {"instId": "OKB-USDT", "side": "buy", "sz": "0.125058", "px": "45.2", "tradeId": "161236524", "ts": "1731440029940"}, {"instId": "OKB-USDT", "side": "buy", "sz": "0.812621", "px": "45.2", "tradeId": "161236523", "ts": "1731440029940"}, {"instId": "OKB-USDT", "side": "buy", "sz": "0.227503", "px": "45.2", "tradeId": "161236522", "ts": "1731440029940"}, {"instId": "OKB-USDT", "side": "buy", "sz": "0.666366", "px": "45.2", "tradeId": "161236521", "ts": "1731440029940"}, {"instId": "OKB-USDT", "side": "buy", "sz": "0.142181", "px": "45.2", "tradeId": "161236520", "ts": "1731440029940"}, {"instId": "OKB-USDT", "side": "buy", "sz": "2.084219", "px": "45.2", "tradeId": "161236519", "ts": "1731440029940"}, {"instId": "OKB-USDT", "side": "buy", "sz": "0.200239", "px": "45.2", "tradeId": "161236518", "ts": "1731440029940"}, {"instId": "OKB-USDT", "side": "buy", "sz": "10.118011", "px": "45.2", "tradeId": "161236517", "ts": "1731440029940"}, {"instId": "OKB-USDT", "side": "buy", "sz": "4.965418", "px": "45.2", "tradeId": "161236516", "ts": "1731440029940"}, {"instId": "OKB-USDT", "side": "buy", "sz": "1.104562", "px": "45.19", "tradeId": "161236515", "ts": "1731440029940"}, {"instId": "OKB-USDT", "side": "buy", "sz": "0.15", "px": "45.19", "tradeId": "161236514", "ts": "1731440029940"}, {"instId": "OKB-USDT", "side": "buy", "sz": "0.15", "px": "45.19", "tradeId": "161236513", "ts": "1731440029940"}, {"instId": "OKB-USDT", "side": "buy", "sz": "46.211827", "px": "45.19", "tradeId": "161236512", "ts": "1731440029940"}, {"instId": "OKB-USDT", "side": "buy", "sz": "3.7", "px": "45.19", "tradeId": "161236511", "ts": "1731440029940"}, {"instId": "OKB-USDT", "side": "buy", "sz": "0.105256", "px": "45.19", "tradeId": "161236510", "ts": "1731440029940"}, {"instId": "OKB-USDT", "side": "buy", "sz": "1.663485", "px": "45.19", "tradeId": "161236509", "ts": "1731440029940"}, {"instId": "OKB-USDT", "side": "buy", "sz": "0.278887", "px": "45.19", "tradeId": "161236508", "ts": "1731440029940"}, {"instId": "OKB-USDT", "side": "buy", "sz": "0.15", "px": "45.18", "tradeId": "161236507", "ts": "1731440029940"}, {"instId": "OKB-USDT", "side": "buy", "sz": "3.7", "px": "45.18", "tradeId": "161236506", "ts": "1731440029940"}, {"instId": "OKB-USDT", "side": "buy", "sz": "8.389108", "px": "45.18", "tradeId": "161236505", "ts": "1731440029940"}, {"instId": "OKB-USDT", "side": "buy", "sz": "0.15", "px": "45.17", "tradeId": "161236504", "ts": "1731440029940"}, {"instId": "OKB-USDT", "side": "buy", "sz": "2.161591", "px": "45.17", "tradeId": "161236503", "ts": "1731440029940"}, {"instId": "OKB-USDT", "side": "buy", "sz": "0.552628", "px": "45.16", "tradeId": "161236502", "ts": "1731440029940"}, {"instId": "OKB-USDT", "side": "sell", "sz": "0.103408", "px": "45.13", "tradeId": "161236527", "ts": "1731440030886"}, {"instId": "OKB-USDT", "side": "sell", "sz": "0.15", "px": "45.13", "tradeId": "161236526", "ts": "1731440030886"}, {"instId": "OKB-USDT", "side": "sell", "sz": "0.140502", "px": "45.13", "tradeId": "161236528", "ts": "1731440032354"}, {"instId": "OKB-USDT", "side": "buy", "sz": "0.15", "px": "45.18", "tradeId": "161236530", "ts": "1731440051163"}, {"instId": "OKB-USDT", "side": "buy", "sz": "0.552567", "px": "45.17", "tradeId": "161236529", "ts": "1731440051163"}, {"instId": "OKB-USDT", "side": "sell", "sz": "0.258425", "px": "45.18", "tradeId": "161236531", "ts": "1731440051171"}, {"instId": "OKB-USDT", "side": "buy", "sz": "0.263153", "px": "45.18", "tradeId": "161236533", "ts": "1731440052841"}, {"instId": "OKB-USDT", "side": "buy", "sz": "0.552485", "px": "45.18", "tradeId": "161236532", "ts": "1731440052841"}, {"instId": "OKB-USDT", "side": "sell", "sz": "0.184636", "px": "45.15", "tradeId": "161236534", "ts": "1731440086854"}, {"instId": "OKB-USDT", "side": "sell", "sz": "0.17458", "px": "45.15", "tradeId": "161236535", "ts": "1731440128854"}, {"instId": "OKB-USDT", "side": "buy", "sz": "0.35923", "px": "45.16", "tradeId": "161236536", "ts": "1731440136390"}, {"instId": "OKB-USDT", "side": "sell", "sz": "0.522912", "px": "45.15", "tradeId": "161236540", "ts": "1731440144087"}, {"instId": "OKB-USDT", "side": "sell", "sz": "0.15", "px": "45.16", "tradeId": "161236539", "ts": "1731440144087"}, {"instId": "OKB-USDT", "side": "sell", "sz": "3", "px": "45.16", "tradeId": "161236538", "ts": "1731440144087"}, {"instId": "OKB-USDT", "side": "sell", "sz": "2.371852", "px": "45.17", "tradeId": "161236537", "ts": "1731440144087"}, {"instId": "OKB-USDT", "side": "sell", "sz": "1.112927", "px": "45.16", "tradeId": "161236542", "ts": "1731440148350"}, {"instId": "OKB-USDT", "side": "sell", "sz": "2.214348", "px": "45.16", "tradeId": "161236541", "ts": "1731440148350"}, {"instId": "OKB-USDT", "side": "sell", "sz": "1.048664", "px": "45.16", "tradeId": "161236543", "ts": "1731440150656"}, {"instId": "OKB-USDT", "side": "buy", "sz": "3.61956", "px": "45.16", "tradeId": "161236544", "ts": "1731440156344"}, {"instId": "OKB-USDT", "side": "buy", "sz": "1.161354", "px": "45.17", "tradeId": "161236545", "ts": "1731440171663"}, {"instId": "OKB-USDT", "side": "buy", "sz": "2.142647", "px": "45.19", "tradeId": "161236550", "ts": "1731440183806"}, {"instId": "OKB-USDT", "side": "buy", "sz": "0.15", "px": "45.18", "tradeId": "161236549", "ts": "1731440183806"}, {"instId": "OKB-USDT", "side": "buy", "sz": "0.552433", "px": "45.18", "tradeId": "161236548", "ts": "1731440183806"}, {"instId": "OKB-USDT", "side": "buy", "sz": "2.158756", "px": "45.17", "tradeId": "161236547", "ts": "1731440183806"}, {"instId": "OKB-USDT", "side": "buy", "sz": "0.942812", "px": "45.17", "tradeId": "161236546", "ts": "1731440183806"}, {"instId": "OKB-USDT", "side": "buy", "sz": "0.197167", "px": "45.19", "tradeId": "161236551", "ts": "1731440187012"}, {"instId": "OKB-USDT", "side": "sell", "sz": "0.2631", "px": "45.17", "tradeId": "161236552", "ts": "1731440188863"}, {"instId": "OKB-USDT", "side": "sell", "sz": "0.000053", "px": "45.17", "tradeId": "161236553", "ts": "1731440188880"}, {"instId": "OKB-USDT", "side": "sell", "sz": "0.214144", "px": "45.15", "tradeId": "161236554", "ts": "1731440192854"}, {"instId": "OKB-USDT", "side": "buy", "sz": "0.156793", "px": "45.19", "tradeId": "161236557", "ts": "1731440193916"}, {"instId": "OKB-USDT", "side": "buy", "sz": "0.032038", "px": "45.19", "tradeId": "161236556", "ts": "1731440193916"}, {"instId": "OKB-USDT", "side": "buy", "sz": "0.552454", "px": "45.18", "tradeId": "161236555", "ts": "1731440193916"}, {"instId": "OKB-USDT", "side": "buy", "sz": "5.493562", "px": "45.19", "tradeId": "161236560", "ts": "1731440231364"}, {"instId": "OKB-USDT", "side": "buy", "sz": "0.15", "px": "45.19", "tradeId": "161236559", "ts": "1731440231364"}, {"instId": "OKB-USDT", "side": "buy", "sz": "0.552499", "px": "45.17", "tradeId": "161236558", "ts": "1731440231364"}, {"instId": "OKB-USDT", "side": "sell", "sz": "2.1587", "px": "45.15", "tradeId": "161236562", "ts": "1731440244082"}, {"instId": "OKB-USDT", "side": "sell", "sz": "2.6574", "px": "45.15", "tradeId": "161236561", "ts": "1731440244082"}, {"instId": "OKB-USDT", "side": "sell", "sz": "0.000056", "px": "45.15", "tradeId": "161236563", "ts": "1731440244085"}, {"instId": "OKB-USDT", "side": "buy", "sz": "5.04", "px": "45.16", "tradeId": "161236564", "ts": "1731440244646"}, {"instId": "OKB-USDT", "side": "sell", "sz": "14.96", "px": "45.16", "tradeId": "161236565", "ts": "1731440244651"}, {"instId": "OKB-USDT", "side": "buy", "sz": "0.178139", "px": "45.16", "tradeId": "161236566", "ts": "1731440261571"}, {"instId": "OKB-USDT", "side": "sell", "sz": "0.194395", "px": "45.14", "tradeId": "161236567", "ts": "1731440265854"}, {"instId": "OKB-USDT", "side": "sell", "sz": "0.310215", "px": "45.13", "tradeId": "161236568", "ts": "1731440280083"}, {"instId": "OKB-USDT", "side": "sell", "sz": "0.328587", "px": "45.13", "tradeId": "161236569", "ts": "1731440297821"}, {"instId": "OKB-USDT", "side": "sell", "sz": "6.838745", "px": "45.07", "tradeId": "161236585", "ts": "1731440306377"}, {"instId": "OKB-USDT", "side": "sell", "sz": "3", "px": "45.07", "tradeId": "161236584", "ts": "1731440306377"}, {"instId": "OKB-USDT", "side": "sell", "sz": "3.7", "px": "45.07", "tradeId": "161236583", "ts": "1731440306377"}, {"instId": "OKB-USDT", "side": "sell", "sz": "5.04", "px": "45.07", "tradeId": "161236582", "ts": "1731440306377"}, {"instId": "OKB-USDT", "side": "sell", "sz": "0.15", "px": "45.07", "tradeId": "161236581", "ts": "1731440306377"}, {"instId": "OKB-USDT", "side": "sell", "sz": "5.535174", "px": "45.08", "tradeId": "161236580", "ts": "1731440306377"}, {"instId": "OKB-USDT", "side": "sell", "sz": "3.7", "px": "45.08", "tradeId": "161236579", "ts": "1731440306377"}, {"instId": "OKB-USDT", "side": "sell", "sz": "3", "px": "45.08", "tradeId": "161236578", "ts": "1731440306377"}, {"instId": "OKB-USDT", "side": "sell", "sz": "0.15", "px": "45.08", "tradeId": "161236577", "ts": "1731440306377"}, {"instId": "OKB-USDT", "side": "sell", "sz": "0.15", "px": "45.08", "tradeId": "161236576", "ts": "1731440306377"}, {"instId": "OKB-USDT", "side": "sell", "sz": "3.2", "px": "45.09", "tradeId": "161236575", "ts": "1731440306377"}, {"instId": "OKB-USDT", "side": "sell", "sz": "3", "px": "45.09", "tradeId": "161236574", "ts": "1731440306377"}, {"instId": "OKB-USDT", "side": "sell", "sz": "0.15", "px": "45.09", "tradeId": "161236573", "ts": "1731440306377"}, {"instId": "OKB-USDT", "side": "sell", "sz": "0.15", "px": "45.1", "tradeId": "161236572", "ts": "1731440306377"}, {"instId": "OKB-USDT", "side": "sell", "sz": "0.15", "px": "45.1", "tradeId": "161236571", "ts": "1731440306377"}, {"instId": "OKB-USDT", "side": "sell", "sz": "0.478314", "px": "45.12", "tradeId": "161236570", "ts": "1731440306377"}, {"instId": "OKB-USDT", "side": "buy", "sz": "69.499897", "px": "45.07", "tradeId": "161236586", "ts": "1731440306394"}, {"instId": "OKB-USDT", "side": "sell", "sz": "0.344139", "px": "45.08", "tradeId": "161236587", "ts": "1731440308458"}, {"instId": "OKB-USDT", "side": "buy", "sz": "1.08139", "px": "45.09", "tradeId": "161236588", "ts": "1731440313699"}, {"instId": "OKB-USDT", "side": "buy", "sz": "1.174154", "px": "45.09", "tradeId": "161236589", "ts": "1731440313704"}, {"instId": "OKB-USDT", "side": "sell", "sz": "0.257159", "px": "45.09", "tradeId": "161236590", "ts": "1731440315354"}, {"instId": "OKB-USDT", "side": "sell", "sz": "2.244276", "px": "45.09", "tradeId": "161236593", "ts": "1731440318605"}, {"instId": "OKB-USDT", "side": "sell", "sz": "1.08139", "px": "45.09", "tradeId": "161236592", "ts": "1731440318605"}, {"instId": "OKB-USDT", "side": "sell", "sz": "0.916991", "px": "45.09", "tradeId": "161236591", "ts": "1731440318605"}, {"instId": "OKB-USDT", "side": "sell", "sz": "0.246757", "px": "45.08", "tradeId": "161236594", "ts": "1731440333439"}, {"instId": "OKB-USDT", "side": "sell", "sz": "0.106242", "px": "45.08", "tradeId": "161236595", "ts": "1731440336539"}, {"instId": "OKB-USDT", "side": "sell", "sz": "1.822763", "px": "45.08", "tradeId": "161236596", "ts": "1731440336544"}, {"instId": "OKB-USDT", "side": "buy", "sz": "0.803522", "px": "45.1", "tradeId": "161236597", "ts": "1731440338163"}, {"instId": "OKB-USDT", "side": "sell", "sz": "2.180808", "px": "45.05", "tradeId": "161236600", "ts": "1731440342220"}, {"instId": "OKB-USDT", "side": "sell", "sz": "0.653252", "px": "45.06", "tradeId": "161236599", "ts": "1731440342220"}, {"instId": "OKB-USDT", "side": "sell", "sz": "0.279097", "px": "45.06", "tradeId": "161236598", "ts": "1731440342220"}, {"instId": "OKB-USDT", "side": "sell", "sz": "0.316761", "px": "45.05", "tradeId": "161236601", "ts": "1731440349599"}, {"instId": "OKB-USDT", "side": "sell", "sz": "0.167895", "px": "45.06", "tradeId": "161236602", "ts": "1731440365854"}, {"instId": "OKB-USDT", "side": "sell", "sz": "2.173044", "px": "45.05", "tradeId": "161236604", "ts": "1731440411811"}, {"instId": "OKB-USDT", "side": "sell", "sz": "1.348056", "px": "45.05", "tradeId": "161236603", "ts": "1731440411811"}, {"instId": "OKB-USDT", "side": "sell", "sz": "0.000014", "px": "45.05", "tradeId": "161236605", "ts": "1731440411828"}, {"instId": "OKB-USDT", "side": "sell", "sz": "2.7", "px": "45.04", "tradeId": "161236606", "ts": "1731440411904"}, {"instId": "OKB-USDT", "side": "sell", "sz": "1.650276", "px": "45.03", "tradeId": "161236612", "ts": "1731440412598"}, {"instId": "OKB-USDT", "side": "sell", "sz": "0.105341", "px": "45.03", "tradeId": "161236611", "ts": "1731440412598"}, {"instId": "OKB-USDT", "side": "sell", "sz": "0.235273", "px": "45.03", "tradeId": "161236610", "ts": "1731440412598"}, {"instId": "OKB-USDT", "side": "sell", "sz": "0.236553", "px": "45.03", "tradeId": "161236609", "ts": "1731440412598"}, {"instId": "OKB-USDT", "side": "sell", "sz": "0.239205", "px": "45.03", "tradeId": "161236608", "ts": "1731440412598"}, {"instId": "OKB-USDT", "side": "sell", "sz": "1.133105", "px": "45.03", "tradeId": "161236607", "ts": "1731440412598"}, {"instId": "OKB-USDT", "side": "sell", "sz": "0.258998", "px": "45.03", "tradeId": "161236613", "ts": "1731440419854"}, {"instId": "OKB-USDT", "side": "sell", "sz": "0.3486", "px": "45.03", "tradeId": "161236614", "ts": "1731440423743"}, {"instId": "OKB-USDT", "side": "sell", "sz": "2.371852", "px": "45.03", "tradeId": "161236616", "ts": "1731440432294"}, {"instId": "OKB-USDT", "side": "sell", "sz": "0.000062", "px": "45.03", "tradeId": "161236615", "ts": "1731440432294"}, {"instId": "OKB-USDT", "side": "buy", "sz": "7.628", "px": "45.03", "tradeId": "161236617", "ts": "1731440432313"}, {"instId": "OKB-USDT", "side": "buy", "sz": "0.000086", "px": "45.03", "tradeId": "161236618", "ts": "1731440467860"}, {"instId": "OKB-USDT", "side": "buy", "sz": "0.15", "px": "45.1", "tradeId": "161236620", "ts": "1731440473163"}, {"instId": "OKB-USDT", "side": "buy", "sz": "0.478842", "px": "45.09", "tradeId": "161236619", "ts": "1731440473163"}, {"instId": "OKB-USDT", "side": "sell", "sz": "0.237051", "px": "45.1", "tradeId": "161236623", "ts": "1731440473172"}, {"instId": "OKB-USDT", "side": "sell", "sz": "0.000049", "px": "45.1", "tradeId": "161236622", "ts": "1731440473172"}, {"instId": "OKB-USDT", "side": "sell", "sz": "0.2371", "px": "45.1", "tradeId": "161236621", "ts": "1731440473172"}, {"instId": "OKB-USDT", "side": "sell", "sz": "0.237149", "px": "45.1", "tradeId": "161236625", "ts": "1731440473181"}, {"instId": "OKB-USDT", "side": "sell", "sz": "2.5258", "px": "45.1", "tradeId": "161236624", "ts": "1731440473181"}, {"instId": "OKB-USDT", "side": "sell", "sz": "0.254755", "px": "45.06", "tradeId": "161236626", "ts": "1731440481354"}, {"instId": "OKB-USDT", "side": "sell", "sz": "2.382439", "px": "45.06", "tradeId": "161236628", "ts": "1731440491376"}, {"instId": "OKB-USDT", "side": "sell", "sz": "0.099646", "px": "45.06", "tradeId": "161236627", "ts": "1731440491376"}, {"instId": "OKB-USDT", "side": "sell", "sz": "3", "px": "45.06", "tradeId": "161236630", "ts": "1731440506558"}, {"instId": "OKB-USDT", "side": "sell", "sz": "0.617561", "px": "45.06", "tradeId": "161236629", "ts": "1731440506558"}, {"instId": "OKB-USDT", "side": "buy", "sz": "5.3824", "px": "45.06", "tradeId": "161236631", "ts": "1731440506571"}, {"instId": "OKB-USDT", "side": "buy", "sz": "2.161441", "px": "45.06", "tradeId": "161236633", "ts": "1731440507961"}, {"instId": "OKB-USDT", "side": "buy", "sz": "0.000039", "px": "45.06", "tradeId": "161236632", "ts": "1731440507961"}, {"instId": "OKB-USDT", "side": "buy", "sz": "0.000004", "px": "45.06", "tradeId": "161236634", "ts": "1731440507965"}, {"instId": "OKB-USDT", "side": "buy", "sz": "0.108637", "px": "45.1", "tradeId": "161236635", "ts": "1731440520740"}, {"instId": "OKB-USDT", "side": "buy", "sz": "2", "px": "45.1", "tradeId": "161236636", "ts": "1731440520850"}, {"instId": "OKB-USDT", "side": "sell", "sz": "0.198909", "px": "45.07", "tradeId": "161236637", "ts": "1731440527354"}, {"instId": "OKB-USDT", "side": "sell", "sz": "0.235434", "px": "45.09", "tradeId": "161236638", "ts": "1731440579354"}, {"instId": "OKB-USDT", "side": "buy", "sz": "0.239929", "px": "45.12", "tradeId": "161236639", "ts": "1731440591256"}, {"instId": "OKB-USDT", "side": "buy", "sz": "0.290425", "px": "45.12", "tradeId": "161236641", "ts": "1731440598163"}, {"instId": "OKB-USDT", "side": "buy", "sz": "1.012917", "px": "45.12", "tradeId": "161236640", "ts": "1731440598163"}, {"instId": "OKB-USDT", "side": "buy", "sz": "5.691137", "px": "45.15", "tradeId": "161236650", "ts": "1731440607381"}, {"instId": "OKB-USDT", "side": "buy", "sz": "0.15", "px": "45.15", "tradeId": "161236649", "ts": "1731440607381"}, {"instId": "OKB-USDT", "side": "buy", "sz": "0.15", "px": "45.15", "tradeId": "161236648", "ts": "1731440607381"}, {"instId": "OKB-USDT", "side": "buy", "sz": "0.552837", "px": "45.14", "tradeId": "161236647", "ts": "1731440607381"}, {"instId": "OKB-USDT", "side": "buy", "sz": "0.15", "px": "45.14", "tradeId": "161236646", "ts": "1731440607381"}, {"instId": "OKB-USDT", "side": "buy", "sz": "1.132198", "px": "45.13", "tradeId": "161236645", "ts": "1731440607381"}, {"instId": "OKB-USDT", "side": "buy", "sz": "0.15", "px": "45.13", "tradeId": "161236644", "ts": "1731440607381"}, {"instId": "OKB-USDT", "side": "buy", "sz": "0.15", "px": "45.13", "tradeId": "161236643", "ts": "1731440607381"}, {"instId": "OKB-USDT", "side": "buy", "sz": "1.873695", "px": "45.12", "tradeId": "161236642", "ts": "1731440607381"}, {"instId": "OKB-USDT", "side": "buy", "sz": "0.235497", "px": "45.12", "tradeId": "161236651", "ts": "1731440615658"}, {"instId": "OKB-USDT", "side": "sell", "sz": "4.1971", "px": "45.12", "tradeId": "161236652", "ts": "1731440615671"}, {"instId": "OKB-USDT", "side": "sell", "sz": "0.000027", "px": "45.12", "tradeId": "161236653", "ts": "1731440615680"}, {"instId": "OKB-USDT", "side": "buy", "sz": "0.221483", "px": "45.13", "tradeId": "161236654", "ts": "1731440626566"}, {"instId": "OKB-USDT", "side": "buy", "sz": "0.427552", "px": "45.13", "tradeId": "161236655", "ts": "1731440629182"}, {"instId": "OKB-USDT", "side": "sell", "sz": "0.00005", "px": "45.13", "tradeId": "161236657", "ts": "1731440629191"}, {"instId": "OKB-USDT", "side": "sell", "sz": "6.3513", "px": "45.13", "tradeId": "161236656", "ts": "1731440629191"}, {"instId": "OKB-USDT", "side": "sell", "sz": "1.08139", "px": "45.09", "tradeId": "161236658", "ts": "1731440645940"}, {"instId": "OKB-USDT", "side": "sell", "sz": "1", "px": "45.09", "tradeId": "161236660", "ts": "1731440645947"}, {"instId": "OKB-USDT", "side": "sell", "sz": "0.592799", "px": "45.09", "tradeId": "161236659", "ts": "1731440645947"}, {"instId": "OKB-USDT", "side": "sell", "sz": "1.08139", "px": "45.08", "tradeId": "161236661", "ts": "1731440645959"}, {"instId": "OKB-USDT", "side": "sell", "sz": "0.008913", "px": "45.06", "tradeId": "161236663", "ts": "1731440649354"}, {"instId": "OKB-USDT", "side": "sell", "sz": "0.15", "px": "45.06", "tradeId": "161236662", "ts": "1731440649354"}, {"instId": "OKB-USDT", "side": "sell", "sz": "0.934347", "px": "45.06", "tradeId": "161236664", "ts": "1731440672618"}, {"instId": "OKB-USDT", "side": "sell", "sz": "0.15", "px": "45.06", "tradeId": "161236666", "ts": "1731440672647"}, {"instId": "OKB-USDT", "side": "sell", "sz": "0.545008", "px": "45.06", "tradeId": "161236665", "ts": "1731440672647"}, {"instId": "OKB-USDT", "side": "sell", "sz": "2.727039", "px": "45.02", "tradeId": "161236677", "ts": "1731440672758"}, {"instId": "OKB-USDT", "side": "sell", "sz": "1.133105", "px": "45.03", "tradeId": "161236676", "ts": "1731440672758"}, {"instId": "OKB-USDT", "side": "sell", "sz": "3.7", "px": "45.03", "tradeId": "161236675", "ts": "1731440672758"}, {"instId": "OKB-USDT", "side": "sell", "sz": "2.30008", "px": "45.03", "tradeId": "161236674", "ts": "1731440672758"}, {"instId": "OKB-USDT", "side": "sell", "sz": "1", "px": "45.03", "tradeId": "161236673", "ts": "1731440672758"}, {"instId": "OKB-USDT", "side": "sell", "sz": "0.15", "px": "45.03", "tradeId": "161236672", "ts": "1731440672758"}, {"instId": "OKB-USDT", "side": "sell", "sz": "5.539776", "px": "45.04", "tradeId": "161236671", "ts": "1731440672758"}, {"instId": "OKB-USDT", "side": "sell", "sz": "0.15", "px": "45.04", "tradeId": "161236670", "ts": "1731440672758"}, {"instId": "OKB-USDT", "side": "sell", "sz": "3", "px": "45.04", "tradeId": "161236669", "ts": "1731440672758"}, {"instId": "OKB-USDT", "side": "sell", "sz": "0.15", "px": "45.04", "tradeId": "161236668", "ts": "1731440672758"}, {"instId": "OKB-USDT", "side": "sell", "sz": "0.15", "px": "45.05", "tradeId": "161236667", "ts": "1731440672758"}, {"instId": "OKB-USDT", "side": "sell", "sz": "0.079867", "px": "45.03", "tradeId": "161236679", "ts": "1731440712354"}, {"instId": "OKB-USDT", "side": "sell", "sz": "0.15", "px": "45.03", "tradeId": "161236678", "ts": "1731440712354"}, {"instId": "OKB-USDT", "side": "sell", "sz": "1.746888", "px": "45.03", "tradeId": "161236680", "ts": "1731440739202"}, {"instId": "OKB-USDT", "side": "sell", "sz": "0.670085", "px": "45.03", "tradeId": "161236681", "ts": "1731440741670"}, {"instId": "OKB-USDT", "side": "sell", "sz": "0.432869", "px": "45.03", "tradeId": "161236682", "ts": "1731440752027"}, {"instId": "OKB-USDT", "side": "sell", "sz": "0.100141", "px": "45.03", "tradeId": "161236683", "ts": "1731440752626"}, {"instId": "OKB-USDT", "side": "buy", "sz": "1.140638", "px": "45.08", "tradeId": "161236684", "ts": "1731440763663"}, {"instId": "OKB-USDT", "side": "sell", "sz": "0.143675", "px": "45.04", "tradeId": "161236685", "ts": "1731440763854"}, {"instId": "OKB-USDT", "side": "sell", "sz": "0.202584", "px": "45.06", "tradeId": "161236686", "ts": "1731440820854"}, {"instId": "OKB-USDT", "side": "buy", "sz": "0.064831", "px": "45.13", "tradeId": "161236698", "ts": "1731440863428"}, {"instId": "OKB-USDT", "side": "buy", "sz": "0.15", "px": "45.13", "tradeId": "161236697", "ts": "1731440863428"}, {"instId": "OKB-USDT", "side": "buy", "sz": "0.15", "px": "45.13", "tradeId": "161236696", "ts": "1731440863428"}, {"instId": "OKB-USDT", "side": "buy", "sz": "1.105995", "px": "45.12", "tradeId": "161236695", "ts": "1731440863428"}, {"instId": "OKB-USDT", "side": "buy", "sz": "3", "px": "45.12", "tradeId": "161236694", "ts": "1731440863428"}, {"instId": "OKB-USDT", "side": "buy", "sz": "0.15", "px": "45.12", "tradeId": "161236693", "ts": "1731440863428"}, {"instId": "OKB-USDT", "side": "buy", "sz": "1.081402", "px": "45.12", "tradeId": "161236692", "ts": "1731440863428"}, {"instId": "OKB-USDT", "side": "buy", "sz": "0.15", "px": "45.11", "tradeId": "161236691", "ts": "1731440863428"}, {"instId": "OKB-USDT", "side": "buy", "sz": "2.159115", "px": "45.11", "tradeId": "161236690", "ts": "1731440863428"}, {"instId": "OKB-USDT", "side": "buy", "sz": "2.368147", "px": "45.11", "tradeId": "161236689", "ts": "1731440863428"}, {"instId": "OKB-USDT", "side": "buy", "sz": "0.15", "px": "45.11", "tradeId": "161236688", "ts": "1731440863428"}, {"instId": "OKB-USDT", "side": "buy", "sz": "0.553304", "px": "45.1", "tradeId": "161236687", "ts": "1731440863428"}, {"instId": "OKB-USDT", "side": "buy", "sz": "0.553334", "px": "45.1", "tradeId": "161236699", "ts": "1731440866663"}, {"instId": "OKB-USDT", "side": "sell", "sz": "0.000044", "px": "45.11", "tradeId": "161236701", "ts": "1731440866671"}, {"instId": "OKB-USDT", "side": "sell", "sz": "0.8332", "px": "45.11", "tradeId": "161236700", "ts": "1731440866671"}, {"instId": "OKB-USDT", "side": "buy", "sz": "0.557818", "px": "45.11", "tradeId": "161236703", "ts": "1731440867555"}, {"instId": "OKB-USDT", "side": "buy", "sz": "0.833244", "px": "45.11", "tradeId": "161236702", "ts": "1731440867555"}, {"instId": "OKB-USDT", "side": "sell", "sz": "0.239463", "px": "45.08", "tradeId": "161236704", "ts": "1731440885354"}, {"instId": "OKB-USDT", "side": "sell", "sz": "0.193483", "px": "45.07", "tradeId": "161236705", "ts": "1731440958354"}, {"instId": "OKB-USDT", "side": "sell", "sz": "4.061575", "px": "45.02", "tradeId": "161236718", "ts": "1731440958788"}, {"instId": "OKB-USDT", "side": "sell", "sz": "3.406078", "px": "45.02", "tradeId": "161236717", "ts": "1731440958788"}, {"instId": "OKB-USDT", "side": "sell", "sz": "3", "px": "45.03", "tradeId": "161236716", "ts": "1731440958788"}, {"instId": "OKB-USDT", "side": "sell", "sz": "2.872393", "px": "45.03", "tradeId": "161236715", "ts": "1731440958788"}, {"instId": "OKB-USDT", "side": "sell", "sz": "0.15", "px": "45.03", "tradeId": "161236714", "ts": "1731440958788"}, {"instId": "OKB-USDT", "side": "sell", "sz": "3", "px": "45.04", "tradeId": "161236713", "ts": "1731440958788"}, {"instId": "OKB-USDT", "side": "sell", "sz": "0.15", "px": "45.04", "tradeId": "161236712", "ts": "1731440958788"}, {"instId": "OKB-USDT", "side": "sell", "sz": "0.15", "px": "45.04", "tradeId": "161236711", "ts": "1731440958788"}, {"instId": "OKB-USDT", "side": "sell", "sz": "0.15", "px": "45.05", "tradeId": "161236710", "ts": "1731440958788"}, {"instId": "OKB-USDT", "side": "sell", "sz": "0.15", "px": "45.06", "tradeId": "161236709", "ts": "1731440958788"}, {"instId": "OKB-USDT", "side": "sell", "sz": "0.15", "px": "45.06", "tradeId": "161236708", "ts": "1731440958788"}, {"instId": "OKB-USDT", "side": "sell", "sz": "0.794322", "px": "45.06", "tradeId": "161236707", "ts": "1731440958788"}, {"instId": "OKB-USDT", "side": "sell", "sz": "1.965632", "px": "45.07", "tradeId": "161236706", "ts": "1731440958788"}, {"instId": "OKB-USDT", "side": "sell", "sz": "0.15", "px": "45.06", "tradeId": "161236719", "ts": "1731440987239"}, {"instId": "OKB-USDT", "side": "buy", "sz": "1.227622", "px": "45.1", "tradeId": "161236720", "ts": "1731440997163"}, {"instId": "OKB-USDT", "side": "sell", "sz": "0.207811", "px": "45.05", "tradeId": "161236721", "ts": "1731440999354"}, {"instId": "OKB-USDT", "side": "buy", "sz": "0.346261", "px": "45.13", "tradeId": "161236735", "ts": "1731441001143"}, {"instId": "OKB-USDT", "side": "buy", "sz": "3", "px": "45.13", "tradeId": "161236734", "ts": "1731441001143"}, {"instId": "OKB-USDT", "side": "buy", "sz": "0.15", "px": "45.13", "tradeId": "161236733", "ts": "1731441001143"}, {"instId": "OKB-USDT", "side": "buy", "sz": "0.15", "px": "45.13", "tradeId": "161236732", "ts": "1731441001143"}, {"instId": "OKB-USDT", "side": "buy", "sz": "1.067367", "px": "45.13", "tradeId": "161236731", "ts": "1731441001143"}, {"instId": "OKB-USDT", "side": "buy", "sz": "2.1", "px": "45.12", "tradeId": "161236730", "ts": "1731441001143"}, {"instId": "OKB-USDT", "side": "buy", "sz": "3.7", "px": "45.12", "tradeId": "161236729", "ts": "1731441001143"}, {"instId": "OKB-USDT", "side": "buy", "sz": "0.15", "px": "45.12", "tradeId": "161236728", "ts": "1731441001143"}, {"instId": "OKB-USDT", "side": "buy", "sz": "3", "px": "45.12", "tradeId": "161236727", "ts": "1731441001143"}, {"instId": "OKB-USDT", "side": "buy", "sz": "0.15", "px": "45.11", "tradeId": "161236726", "ts": "1731441001143"}, {"instId": "OKB-USDT", "side": "buy", "sz": "5.04", "px": "45.11", "tradeId": "161236725", "ts": "1731441001143"}, {"instId": "OKB-USDT", "side": "buy", "sz": "3", "px": "45.11", "tradeId": "161236724", "ts": "1731441001143"}, {"instId": "OKB-USDT", "side": "buy", "sz": "0.15", "px": "45.11", "tradeId": "161236723", "ts": "1731441001143"}, {"instId": "OKB-USDT", "side": "buy", "sz": "0.160367", "px": "45.1", "tradeId": "161236722", "ts": "1731441001143"}, {"instId": "OKB-USDT", "side": "sell", "sz": "1.039535", "px": "45.03", "tradeId": "161236752", "ts": "1731441031008"}, {"instId": "OKB-USDT", "side": "sell", "sz": "3", "px": "45.03", "tradeId": "161236751", "ts": "1731441031008"}, {"instId": "OKB-USDT", "side": "sell", "sz": "5.04", "px": "45.03", "tradeId": "161236750", "ts": "1731441031008"}, {"instId": "OKB-USDT", "side": "sell", "sz": "0.15", "px": "45.03", "tradeId": "161236749", "ts": "1731441031008"}, {"instId": "OKB-USDT", "side": "sell", "sz": "2.371852", "px": "45.03", "tradeId": "161236748", "ts": "1731441031008"}, {"instId": "OKB-USDT", "side": "sell", "sz": "3", "px": "45.04", "tradeId": "161236747", "ts": "1731441031008"}, {"instId": "OKB-USDT", "side": "sell", "sz": "5.04", "px": "45.04", "tradeId": "161236746", "ts": "1731441031008"}, {"instId": "OKB-USDT", "side": "sell", "sz": "0.15", "px": "45.04", "tradeId": "161236745", "ts": "1731441031008"}, {"instId": "OKB-USDT", "side": "sell", "sz": "0.15", "px": "45.04", "tradeId": "161236744", "ts": "1731441031008"}, {"instId": "OKB-USDT", "side": "sell", "sz": "5.538519", "px": "45.05", "tradeId": "161236743", "ts": "1731441031008"}, {"instId": "OKB-USDT", "side": "sell", "sz": "5.04", "px": "45.05", "tradeId": "161236742", "ts": "1731441031008"}, {"instId": "OKB-USDT", "side": "sell", "sz": "2.161445", "px": "45.05", "tradeId": "161236741", "ts": "1731441031008"}, {"instId": "OKB-USDT", "side": "sell", "sz": "0.15", "px": "45.05", "tradeId": "161236740", "ts": "1731441031008"}, {"instId": "OKB-USDT", "side": "sell", "sz": "2.164041", "px": "45.05", "tradeId": "161236739", "ts": "1731441031008"}, {"instId": "OKB-USDT", "side": "sell", "sz": "5.04", "px": "45.06", "tradeId": "161236738", "ts": "1731441031008"}, {"instId": "OKB-USDT", "side": "sell", "sz": "5.416202", "px": "45.06", "tradeId": "161236737", "ts": "1731441031008"}, {"instId": "OKB-USDT", "side": "sell", "sz": "0.15", "px": "45.06", "tradeId": "161236736", "ts": "1731441031008"}, {"instId": "OKB-USDT", "side": "buy", "sz": "2.253", "px": "45.05", "tradeId": "161236753", "ts": "1731441063621"}, {"instId": "OKB-USDT", "side": "buy", "sz": "0.000015", "px": "45.05", "tradeId": "161236754", "ts": "1731441063624"}, {"instId": "OKB-USDT", "side": "sell", "sz": "0.212802", "px": "45.04", "tradeId": "161236755", "ts": "1731441064854"}, {"instId": "OKB-USDT", "side": "buy", "sz": "1.220053", "px": "45.08", "tradeId": "161236756", "ts": "1731441079035"}, {"instId": "OKB-USDT", "side": "sell", "sz": "0.224591", "px": "45.06", "tradeId": "161236757", "ts": "1731441123854"}, {"instId": "OKB-USDT", "side": "sell", "sz": "0.424444", "px": "45.06", "tradeId": "161236758", "ts": "1731441130099"}, {"instId": "OKB-USDT", "side": "sell", "sz": "1.649568", "px": "45.02", "tradeId": "161236760", "ts": "1731441159171"}, {"instId": "OKB-USDT", "side": "sell", "sz": "0.09357", "px": "45.03", "tradeId": "161236759", "ts": "1731441159171"}, {"instId": "OKB-USDT", "side": "buy", "sz": "1.304973", "px": "45.06", "tradeId": "161236761", "ts": "1731441164163"}, {"instId": "OKB-USDT", "side": "sell", "sz": "0.316833", "px": "45.02", "tradeId": "161236762", "ts": "1731441164598"}, {"instId": "OKB-USDT", "side": "sell", "sz": "0.243235", "px": "45.02", "tradeId": "161236763", "ts": "1731441180354"}, {"instId": "OKB-USDT", "side": "sell", "sz": "0.250764", "px": "45.02", "tradeId": "161236764", "ts": "1731441204697"}, {"instId": "OKB-USDT", "side": "sell", "sz": "2.418128", "px": "45.02", "tradeId": "161236765", "ts": "1731441209653"}, {"instId": "OKB-USDT", "side": "sell", "sz": "0.841412", "px": "45.01", "tradeId": "161236774", "ts": "1731441225379"}, {"instId": "OKB-USDT", "side": "sell", "sz": "5", "px": "45.01", "tradeId": "161236773", "ts": "1731441225379"}, {"instId": "OKB-USDT", "side": "sell", "sz": "0.137708", "px": "45.01", "tradeId": "161236772", "ts": "1731441225379"}, {"instId": "OKB-USDT", "side": "sell", "sz": "6.526307", "px": "45.01", "tradeId": "161236771", "ts": "1731441225379"}, {"instId": "OKB-USDT", "side": "sell", "sz": "0.229708", "px": "45.01", "tradeId": "161236770", "ts": "1731441225379"}, {"instId": "OKB-USDT", "side": "sell", "sz": "2.2", "px": "45.02", "tradeId": "161236769", "ts": "1731441225379"}, {"instId": "OKB-USDT", "side": "sell", "sz": "5.04", "px": "45.02", "tradeId": "161236768", "ts": "1731441225379"}, {"instId": "OKB-USDT", "side": "sell", "sz": "0.15", "px": "45.02", "tradeId": "161236767", "ts": "1731441225379"}, {"instId": "OKB-USDT", "side": "sell", "sz": "2.304989", "px": "45.02", "tradeId": "161236766", "ts": "1731441225379"}, {"instId": "OKB-USDT", "side": "sell", "sz": "0.213731", "px": "45.01", "tradeId": "161236775", "ts": "1731441237854"}, {"instId": "OKB-USDT", "side": "sell", "sz": "100.0242", "px": "45.01", "tradeId": "161236776", "ts": "1731441247663"}, {"instId": "OKB-USDT", "side": "sell", "sz": "1.448997", "px": "45.01", "tradeId": "161236777", "ts": "1731441290114"}, {"instId": "OKB-USDT", "side": "buy", "sz": "0.213901", "px": "45.08", "tradeId": "161236780", "ts": "1731441304663"}, {"instId": "OKB-USDT", "side": "buy", "sz": "0.553735", "px": "45.07", "tradeId": "161236779", "ts": "1731441304663"}, {"instId": "OKB-USDT", "side": "buy", "sz": "0.15", "px": "45.07", "tradeId": "161236778", "ts": "1731441304663"}, {"instId": "OKB-USDT", "side": "sell", "sz": "0.236541", "px": "45.03", "tradeId": "161236781", "ts": "1731441311854"}, {"instId": "OKB-USDT", "side": "buy", "sz": "2.146343", "px": "45.07", "tradeId": "161236783", "ts": "1731441317076"}, {"instId": "OKB-USDT", "side": "buy", "sz": "0.553657", "px": "45.07", "tradeId": "161236782", "ts": "1731441317076"}, {"instId": "OKB-USDT", "side": "sell", "sz": "0.213509", "px": "45.02", "tradeId": "161236784", "ts": "1731441369854"}, {"instId": "OKB-USDT", "side": "sell", "sz": "1.379947", "px": "45.02", "tradeId": "161236785", "ts": "1731441389372"}, {"instId": "OKB-USDT", "side": "buy", "sz": "0.15", "px": "45.07", "tradeId": "161236787", "ts": "1731441422663"}, {"instId": "OKB-USDT", "side": "buy", "sz": "0.553853", "px": "45.06", "tradeId": "161236786", "ts": "1731441422663"}, {"instId": "OKB-USDT", "side": "sell", "sz": "0.00008", "px": "45.07", "tradeId": "161236789", "ts": "1731441422672"}, {"instId": "OKB-USDT", "side": "sell", "sz": "0.1503", "px": "45.07", "tradeId": "161236788", "ts": "1731441422672"}, {"instId": "OKB-USDT", "side": "buy", "sz": "4.56099", "px": "45.08", "tradeId": "161236793", "ts": "1731441428561"}, {"instId": "OKB-USDT", "side": "buy", "sz": "0.937898", "px": "45.08", "tradeId": "161236792", "ts": "1731441428561"}, {"instId": "OKB-USDT", "side": "buy", "sz": "0.553745", "px": "45.07", "tradeId": "161236791", "ts": "1731441428561"}, {"instId": "OKB-USDT", "side": "buy", "sz": "5.04", "px": "45.07", "tradeId": "161236790", "ts": "1731441428561"}, {"instId": "OKB-USDT", "side": "sell", "sz": "0.21679", "px": "45.04", "tradeId": "161236794", "ts": "1731441433854"}, {"instId": "OKB-USDT", "side": "sell", "sz": "0.781559", "px": "45.04", "tradeId": "161236795", "ts": "1731441440059"}, {"instId": "OKB-USDT", "side": "buy", "sz": "4.3001", "px": "45.04", "tradeId": "161236796", "ts": "1731441440304"}, {"instId": "OKB-USDT", "side": "buy", "sz": "0.000098", "px": "45.04", "tradeId": "161236797", "ts": "1731441440321"}, {"instId": "OKB-USDT", "side": "sell", "sz": "0.546307", "px": "45.03", "tradeId": "161236800", "ts": "1731441448188"}, {"instId": "OKB-USDT", "side": "sell", "sz": "1.585339", "px": "45.04", "tradeId": "161236799", "ts": "1731441448188"}, {"instId": "OKB-USDT", "side": "sell", "sz": "0.099903", "px": "45.04", "tradeId": "161236798", "ts": "1731441448188"}, {"instId": "OKB-USDT", "side": "sell", "sz": "0.254599", "px": "45.03", "tradeId": "161236801", "ts": "1731441484354"}, {"instId": "OKB-USDT", "side": "sell", "sz": "45.158271", "px": "45.01", "tradeId": "161236806", "ts": "1731441498945"}, {"instId": "OKB-USDT", "side": "sell", "sz": "0.15", "px": "45.01", "tradeId": "161236805", "ts": "1731441498945"}, {"instId": "OKB-USDT", "side": "sell", "sz": "2.816109", "px": "45.02", "tradeId": "161236804", "ts": "1731441498945"}, {"instId": "OKB-USDT", "side": "sell", "sz": "0.130219", "px": "45.03", "tradeId": "161236803", "ts": "1731441498945"}, {"instId": "OKB-USDT", "side": "sell", "sz": "1.745401", "px": "45.03", "tradeId": "161236802", "ts": "1731441498945"}, {"instId": "OKB-USDT", "side": "sell", "sz": "0.111122", "px": "45", "tradeId": "161236807", "ts": "1731441499446"}, {"instId": "OKB-USDT", "side": "sell", "sz": "0.671412", "px": "45", "tradeId": "161236808", "ts": "1731441499452"}, {"instId": "OKB-USDT", "side": "sell", "sz": "0.1235", "px": "45.03", "tradeId": "161236810", "ts": "1731441547354"}, {"instId": "OKB-USDT", "side": "sell", "sz": "0.1", "px": "45.03", "tradeId": "161236809", "ts": "1731441547354"}, {"instId": "OKB-USDT", "side": "sell", "sz": "1.833922", "px": "45", "tradeId": "161236812", "ts": "1731441561960"}, {"instId": "OKB-USDT", "side": "sell", "sz": "0.837525", "px": "45.03", "tradeId": "161236811", "ts": "1731441561960"}, {"instId": "OKB-USDT", "side": "sell", "sz": "0.184603", "px": "45.01", "tradeId": "161236813", "ts": "1731441569840"}, {"instId": "OKB-USDT", "side": "sell", "sz": "3.541244", "px": "45.01", "tradeId": "161236814", "ts": "1731441595230"}, {"instId": "OKB-USDT", "side": "buy", "sz": "0.771963", "px": "45.05", "tradeId": "161236816", "ts": "1731441595663"}, {"instId": "OKB-USDT", "side": "buy", "sz": "0.554087", "px": "45.05", "tradeId": "161236815", "ts": "1731441595663"}, {"instId": "OKB-USDT", "side": "buy", "sz": "0.333766", "px": "45.06", "tradeId": "161236818", "ts": "1731441601575"}, {"instId": "OKB-USDT", "side": "buy", "sz": "0.554062", "px": "45.05", "tradeId": "161236817", "ts": "1731441601575"}, {"instId": "OKB-USDT", "side": "buy", "sz": "0.222867", "px": "45.06", "tradeId": "161236820", "ts": "1731441607251"}, {"instId": "OKB-USDT", "side": "buy", "sz": "0.553998", "px": "45.05", "tradeId": "161236819", "ts": "1731441607251"}, {"instId": "OKB-USDT", "side": "buy", "sz": "0.133155", "px": "45.06", "tradeId": "161236821", "ts": "1731441608268"}, {"instId": "OKB-USDT", "side": "buy", "sz": "0.221926", "px": "45.06", "tradeId": "161236822", "ts": "1731441612688"}, {"instId": "OKB-USDT", "side": "buy", "sz": "0.133155", "px": "45.06", "tradeId": "161236823", "ts": "1731441615998"}, {"instId": "OKB-USDT", "side": "sell", "sz": "0.146887", "px": "45.02", "tradeId": "161236824", "ts": "1731441616854"}, {"instId": "OKB-USDT", "side": "buy", "sz": "0.110963", "px": "45.06", "tradeId": "161236825", "ts": "1731441622308"}, {"instId": "OKB-USDT", "side": "sell", "sz": "0.102329", "px": "45.02", "tradeId": "161236827", "ts": "1731441622927"}, {"instId": "OKB-USDT", "side": "sell", "sz": "0.897883", "px": "45.04", "tradeId": "161236826", "ts": "1731441622927"}, {"instId": "OKB-USDT", "side": "buy", "sz": "0.332889", "px": "45.06", "tradeId": "161236828", "ts": "1731441623451"}, {"instId": "OKB-USDT", "side": "buy", "sz": "0.021758", "px": "45.07", "tradeId": "161236831", "ts": "1731441625048"}, {"instId": "OKB-USDT", "side": "buy", "sz": "0.15", "px": "45.07", "tradeId": "161236830", "ts": "1731441625048"}, {"instId": "OKB-USDT", "side": "buy", "sz": "1.82554", "px": "45.06", "tradeId": "161236829", "ts": "1731441625048"}, {"instId": "OKB-USDT", "side": "buy", "sz": "0.719469", "px": "45.06", "tradeId": "161236832", "ts": "1731441653076"}, {"instId": "OKB-USDT", "side": "sell", "sz": "0.245789", "px": "45.04", "tradeId": "161236833", "ts": "1731441668355"}, {"instId": "OKB-USDT", "side": "sell", "sz": "85.512052", "px": "45", "tradeId": "161236845", "ts": "1731441690054"}, {"instId": "OKB-USDT", "side": "sell", "sz": "0.112854", "px": "45", "tradeId": "161236844", "ts": "1731441690054"}, {"instId": "OKB-USDT", "side": "sell", "sz": "0.403509", "px": "45", "tradeId": "161236843", "ts": "1731441690054"}, {"instId": "OKB-USDT", "side": "sell", "sz": "1.598074", "px": "45", "tradeId": "161236842", "ts": "1731441690054"}, {"instId": "OKB-USDT", "side": "sell", "sz": "8.494655", "px": "45", "tradeId": "161236841", "ts": "1731441690054"}, {"instId": "OKB-USDT", "side": "sell", "sz": "5.657278", "px": "45.01", "tradeId": "161236840", "ts": "1731441690054"}, {"instId": "OKB-USDT", "side": "sell", "sz": "29.19038", "px": "45.01", "tradeId": "161236839", "ts": "1731441690054"}, {"instId": "OKB-USDT", "side": "sell", "sz": "0.15", "px": "45.01", "tradeId": "161236838", "ts": "1731441690054"}, {"instId": "OKB-USDT", "side": "sell", "sz": "0.15", "px": "45.02", "tradeId": "161236837", "ts": "1731441690054"}, {"instId": "OKB-USDT", "side": "sell", "sz": "0.15", "px": "45.02", "tradeId": "161236836", "ts": "1731441690054"}, {"instId": "OKB-USDT", "side": "sell", "sz": "0.084503", "px": "45.02", "tradeId": "161236835", "ts": "1731441690054"}, {"instId": "OKB-USDT", "side": "sell", "sz": "2.158429", "px": "45.03", "tradeId": "161236834", "ts": "1731441690054"}, {"instId": "OKB-USDT", "side": "sell", "sz": "0.213999", "px": "45.01", "tradeId": "161236846", "ts": "1731441725854"}, {"instId": "OKB-USDT", "side": "sell", "sz": "5.04", "px": "45.01", "tradeId": "161236848", "ts": "1731441739949"}, {"instId": "OKB-USDT", "side": "sell", "sz": "0.18377", "px": "45.01", "tradeId": "161236847", "ts": "1731441739949"}, {"instId": "OKB-USDT", "side": "buy", "sz": "5.6828", "px": "45.01", "tradeId": "161236849", "ts": "1731441739961"}, {"instId": "OKB-USDT", "side": "buy", "sz": "0.000041", "px": "45.01", "tradeId": "161236850", "ts": "1731441739964"}, {"instId": "OKB-USDT", "side": "buy", "sz": "1.08438", "px": "45.04", "tradeId": "161236851", "ts": "1731441758163"}, {"instId": "OKB-USDT", "side": "sell", "sz": "0.145495", "px": "45.02", "tradeId": "161236852", "ts": "1731441776854"}, {"instId": "OKB-USDT", "side": "sell", "sz": "48.415254", "px": "45", "tradeId": "161236855", "ts": "1731441805668"}, {"instId": "OKB-USDT", "side": "sell", "sz": "0.645915", "px": "45.01", "tradeId": "161236854", "ts": "1731441805668"}, {"instId": "OKB-USDT", "side": "sell", "sz": "0.938831", "px": "45.02", "tradeId": "161236853", "ts": "1731441805668"}, {"instId": "OKB-USDT", "side": "sell", "sz": "77.481942", "px": "45", "tradeId": "161236856", "ts": "1731441805684"}, {"instId": "OKB-USDT", "side": "buy", "sz": "0.540408", "px": "45.04", "tradeId": "161236857", "ts": "1731441816722"}, {"instId": "OKB-USDT", "side": "sell", "sz": "0.248857", "px": "45.02", "tradeId": "161236858", "ts": "1731441828854"}, {"instId": "OKB-USDT", "side": "sell", "sz": "0.248316", "px": "45.02", "tradeId": "161236860", "ts": "1731441832289"}, {"instId": "OKB-USDT", "side": "sell", "sz": "0.291551", "px": "45.02", "tradeId": "161236859", "ts": "1731441832289"}, {"instId": "OKB-USDT", "side": "sell", "sz": "1.159029", "px": "45", "tradeId": "161236870", "ts": "1731441838471"}, {"instId": "OKB-USDT", "side": "sell", "sz": "5.544423", "px": "45.01", "tradeId": "161236869", "ts": "1731441838471"}, {"instId": "OKB-USDT", "side": "sell", "sz": "3", "px": "45.01", "tradeId": "161236868", "ts": "1731441838471"}, {"instId": "OKB-USDT", "side": "sell", "sz": "5.04", "px": "45.01", "tradeId": "161236867", "ts": "1731441838471"}, {"instId": "OKB-USDT", "side": "sell", "sz": "0.15", "px": "45.01", "tradeId": "161236866", "ts": "1731441838471"}, {"instId": "OKB-USDT", "side": "sell", "sz": "3", "px": "45.02", "tradeId": "161236865", "ts": "1731441838471"}, {"instId": "OKB-USDT", "side": "sell", "sz": "5.04", "px": "45.02", "tradeId": "161236864", "ts": "1731441838471"}, {"instId": "OKB-USDT", "side": "sell", "sz": "5.04", "px": "45.02", "tradeId": "161236863", "ts": "1731441838471"}, {"instId": "OKB-USDT", "side": "sell", "sz": "0.230526", "px": "45.02", "tradeId": "161236862", "ts": "1731441838471"}, {"instId": "OKB-USDT", "side": "sell", "sz": "5.04", "px": "45.03", "tradeId": "161236861", "ts": "1731441838471"}, {"instId": "OKB-USDT", "side": "buy", "sz": "0.533732", "px": "45.06", "tradeId": "161236871", "ts": "1731441872415"}, {"instId": "OKB-USDT", "side": "buy", "sz": "0.115405", "px": "45.07", "tradeId": "161236874", "ts": "1731441873663"}, {"instId": "OKB-USDT", "side": "buy", "sz": "0.15", "px": "45.07", "tradeId": "161236873", "ts": "1731441873663"}, {"instId": "OKB-USDT", "side": "buy", "sz": "1.118651", "px": "45.06", "tradeId": "161236872", "ts": "1731441873663"}, {"instId": "OKB-USDT", "side": "sell", "sz": "0.151621", "px": "45.05", "tradeId": "161236875", "ts": "1731441875854"}, {"instId": "OKB-USDT", "side": "buy", "sz": "3.480923", "px": "45.08", "tradeId": "161236882", "ts": "1731441885329"}, {"instId": "OKB-USDT", "side": "buy", "sz": "5.04", "px": "45.08", "tradeId": "161236881", "ts": "1731441885329"}, {"instId": "OKB-USDT", "side": "buy", "sz": "1.510195", "px": "45.08", "tradeId": "161236880", "ts": "1731441885329"}, {"instId": "OKB-USDT", "side": "buy", "sz": "5.04", "px": "45.06", "tradeId": "161236879", "ts": "1731441885329"}, {"instId": "OKB-USDT", "side": "buy", "sz": "2.159123", "px": "45.06", "tradeId": "161236878", "ts": "1731441885329"}, {"instId": "OKB-USDT", "side": "buy", "sz": "1.107943", "px": "45.06", "tradeId": "161236877", "ts": "1731441885329"}, {"instId": "OKB-USDT", "side": "buy", "sz": "1.661816", "px": "45.06", "tradeId": "161236876", "ts": "1731441885329"}, {"instId": "OKB-USDT", "side": "buy", "sz": "4.541546", "px": "45.07", "tradeId": "161236885", "ts": "1731441920290"}, {"instId": "OKB-USDT", "side": "buy", "sz": "5.04", "px": "45.07", "tradeId": "161236884", "ts": "1731441920290"}, {"instId": "OKB-USDT", "side": "buy", "sz": "1.10792", "px": "45.06", "tradeId": "161236883", "ts": "1731441920290"}, {"instId": "OKB-USDT", "side": "sell", "sz": "1.08139", "px": "45.07", "tradeId": "161236886", "ts": "1731441921918"}, {"instId": "OKB-USDT", "side": "sell", "sz": "0.731123", "px": "45.07", "tradeId": "161236890", "ts": "1731441921923"}, {"instId": "OKB-USDT", "side": "sell", "sz": "5.5681", "px": "45.07", "tradeId": "161236889", "ts": "1731441921923"}, {"instId": "OKB-USDT", "side": "sell", "sz": "1.08139", "px": "45.07", "tradeId": "161236888", "ts": "1731441921923"}, {"instId": "OKB-USDT", "side": "sell", "sz": "10.948531", "px": "45.07", "tradeId": "161236887", "ts": "1731441921923"}, {"instId": "OKB-USDT", "side": "sell", "sz": "0.533198", "px": "45.03", "tradeId": "161236891", "ts": "1731441927277"}, {"instId": "OKB-USDT", "side": "sell", "sz": "0.194322", "px": "45.04", "tradeId": "161236892", "ts": "1731441935854"}, {"instId": "OKB-USDT", "side": "buy", "sz": "1.344057", "px": "45.06", "tradeId": "161236895", "ts": "1731441951415"}, {"instId": "OKB-USDT", "side": "buy", "sz": "0.554072", "px": "45.05", "tradeId": "161236894", "ts": "1731441951415"}, {"instId": "OKB-USDT", "side": "buy", "sz": "1.08139", "px": "45.04", "tradeId": "161236893", "ts": "1731441951415"}, {"instId": "OKB-USDT", "side": "sell", "sz": "47.550767", "px": "45", "tradeId": "161236900", "ts": "1731441958641"}, {"instId": "OKB-USDT", "side": "sell", "sz": "0.15", "px": "45.01", "tradeId": "161236899", "ts": "1731441958641"}, {"instId": "OKB-USDT", "side": "sell", "sz": "0.15", "px": "45.02", "tradeId": "161236898", "ts": "1731441958641"}, {"instId": "OKB-USDT", "side": "sell", "sz": "0.15", "px": "45.02", "tradeId": "161236897", "ts": "1731441958641"}, {"instId": "OKB-USDT", "side": "sell", "sz": "2.159123", "px": "45.03", "tradeId": "161236896", "ts": "1731441958641"}, {"instId": "OKB-USDT", "side": "sell", "sz": "39.820936", "px": "45", "tradeId": "161236901", "ts": "1731441958713"}, {"instId": "OKB-USDT", "side": "buy", "sz": "0.111012", "px": "45.04", "tradeId": "161236902", "ts": "1731441979016"}, {"instId": "OKB-USDT", "side": "sell", "sz": "0.160453", "px": "45.01", "tradeId": "161236903", "ts": "1731441987354"}, {"instId": "OKB-USDT", "side": "buy", "sz": "0.526748", "px": "45.05", "tradeId": "161236904", "ts": "1731442020135"}, {"instId": "OKB-USDT", "side": "buy", "sz": "1.064503", "px": "45.06", "tradeId": "161236905", "ts": "1731442022163"}, {"instId": "OKB-USDT", "side": "buy", "sz": "0.1", "px": "45.04", "tradeId": "161236906", "ts": "1731442052573"}, {"instId": "OKB-USDT", "side": "sell", "sz": "0.192685", "px": "45.03", "tradeId": "161236907", "ts": "1731442054354"}, {"instId": "OKB-USDT", "side": "sell", "sz": "0.281287", "px": "45.01", "tradeId": "161236908", "ts": "1731442062819"}, {"instId": "OKB-USDT", "side": "buy", "sz": "0.47895", "px": "45.02", "tradeId": "161236910", "ts": "1731442072295"}, {"instId": "OKB-USDT", "side": "buy", "sz": "0.01565", "px": "45.02", "tradeId": "161236909", "ts": "1731442072295"}, {"instId": "OKB-USDT", "side": "buy", "sz": "0.000093", "px": "45.02", "tradeId": "161236911", "ts": "1731442072311"}, {"instId": "OKB-USDT", "side": "buy", "sz": "0.4812", "px": "45.04", "tradeId": "161236912", "ts": "1731442102648"}, {"instId": "OKB-USDT", "side": "buy", "sz": "0.000016", "px": "45.04", "tradeId": "161236913", "ts": "1731442102651"}, {"instId": "OKB-USDT", "side": "sell", "sz": "1.042409", "px": "45.03", "tradeId": "161236914", "ts": "1731442116767"}, {"instId": "OKB-USDT", "side": "sell", "sz": "0.173154", "px": "45.04", "tradeId": "161236915", "ts": "1731442126354"}, {"instId": "OKB-USDT", "side": "buy", "sz": "1.141326", "px": "45.06", "tradeId": "161236916", "ts": "1731442139664"}, {"instId": "OKB-USDT", "side": "buy", "sz": "1.413651", "px": "45.09", "tradeId": "161236926", "ts": "1731442170014"}, {"instId": "OKB-USDT", "side": "buy", "sz": "5.04", "px": "45.09", "tradeId": "161236925", "ts": "1731442170014"}, {"instId": "OKB-USDT", "side": "buy", "sz": "3", "px": "45.09", "tradeId": "161236924", "ts": "1731442170014"}, {"instId": "OKB-USDT", "side": "buy", "sz": "0.15", "px": "45.09", "tradeId": "161236923", "ts": "1731442170014"}, {"instId": "OKB-USDT", "side": "buy", "sz": "0.15", "px": "45.09", "tradeId": "161236922", "ts": "1731442170014"}, {"instId": "OKB-USDT", "side": "buy", "sz": "8.789954", "px": "45.08", "tradeId": "161236921", "ts": "1731442170014"}, {"instId": "OKB-USDT", "side": "buy", "sz": "0.15", "px": "45.08", "tradeId": "161236920", "ts": "1731442170014"}, {"instId": "OKB-USDT", "side": "buy", "sz": "1.908486", "px": "45.08", "tradeId": "161236919", "ts": "1731442170014"}, {"instId": "OKB-USDT", "side": "buy", "sz": "0.553894", "px": "45.06", "tradeId": "161236918", "ts": "1731442170014"}, {"instId": "OKB-USDT", "side": "buy", "sz": "1.025338", "px": "45.06", "tradeId": "161236917", "ts": "1731442170014"}, {"instId": "OKB-USDT", "side": "buy", "sz": "2.971969", "px": "45.11", "tradeId": "161236941", "ts": "1731442175732"}, {"instId": "OKB-USDT", "side": "buy", "sz": "1.10653", "px": "45.11", "tradeId": "161236940", "ts": "1731442175732"}, {"instId": "OKB-USDT", "side": "buy", "sz": "3", "px": "45.11", "tradeId": "161236939", "ts": "1731442175732"}, {"instId": "OKB-USDT", "side": "buy", "sz": "6.52337", "px": "45.11", "tradeId": "161236938", "ts": "1731442175732"}, {"instId": "OKB-USDT", "side": "buy", "sz": "0.15", "px": "45.11", "tradeId": "161236937", "ts": "1731442175732"}, {"instId": "OKB-USDT", "side": "buy", "sz": "0.15", "px": "45.11", "tradeId": "161236936", "ts": "1731442175732"}, {"instId": "OKB-USDT", "side": "buy", "sz": "0.1", "px": "45.1", "tradeId": "161236935", "ts": "1731442175732"}, {"instId": "OKB-USDT", "side": "buy", "sz": "0.133037", "px": "45.1", "tradeId": "161236934", "ts": "1731442175732"}, {"instId": "OKB-USDT", "side": "buy", "sz": "3", "px": "45.1", "tradeId": "161236933", "ts": "1731442175732"}, {"instId": "OKB-USDT", "side": "buy", "sz": "0.15", "px": "45.1", "tradeId": "161236932", "ts": "1731442175732"}, {"instId": "OKB-USDT", "side": "buy", "sz": "0.15", "px": "45.09", "tradeId": "161236931", "ts": "1731442175732"}, {"instId": "OKB-USDT", "side": "buy", "sz": "0.48105", "px": "45.09", "tradeId": "161236930", "ts": "1731442175732"}, {"instId": "OKB-USDT", "side": "buy", "sz": "3", "px": "45.09", "tradeId": "161236929", "ts": "1731442175732"}, {"instId": "OKB-USDT", "side": "buy", "sz": "0.553639", "px": "45.08", "tradeId": "161236928", "ts": "1731442175732"}, {"instId": "OKB-USDT", "side": "buy", "sz": "0.701633", "px": "45.08", "tradeId": "161236927", "ts": "1731442175732"}, {"instId": "OKB-USDT", "side": "buy", "sz": "3.827701", "px": "45.13", "tradeId": "161236954", "ts": "1731442186441"}, {"instId": "OKB-USDT", "side": "buy", "sz": "3", "px": "45.13", "tradeId": "161236953", "ts": "1731442186441"}, {"instId": "OKB-USDT", "side": "buy", "sz": "0.229604", "px": "45.13", "tradeId": "161236952", "ts": "1731442186441"}, {"instId": "OKB-USDT", "side": "buy", "sz": "3.7", "px": "45.13", "tradeId": "161236951", "ts": "1731442186441"}, {"instId": "OKB-USDT", "side": "buy", "sz": "1.132198", "px": "45.13", "tradeId": "161236950", "ts": "1731442186441"}, {"instId": "OKB-USDT", "side": "buy", "sz": "0.15", "px": "45.13", "tradeId": "161236949", "ts": "1731442186441"}, {"instId": "OKB-USDT", "side": "buy", "sz": "0.15", "px": "45.13", "tradeId": "161236948", "ts": "1731442186441"}, {"instId": "OKB-USDT", "side": "buy", "sz": "3.7", "px": "45.12", "tradeId": "161236947", "ts": "1731442186441"}, {"instId": "OKB-USDT", "side": "buy", "sz": "3", "px": "45.12", "tradeId": "161236946", "ts": "1731442186441"}, {"instId": "OKB-USDT", "side": "buy", "sz": "0.403206", "px": "45.12", "tradeId": "161236945", "ts": "1731442186441"}, {"instId": "OKB-USDT", "side": "buy", "sz": "0.15", "px": "45.12", "tradeId": "161236944", "ts": "1731442186441"}, {"instId": "OKB-USDT", "side": "buy", "sz": "2.165026", "px": "45.11", "tradeId": "161236943", "ts": "1731442186441"}, {"instId": "OKB-USDT", "side": "buy", "sz": "0.553409", "px": "45.1", "tradeId": "161236942", "ts": "1731442186441"}, {"instId": "OKB-USDT", "side": "buy", "sz": "0.426878", "px": "45.13", "tradeId": "161236955", "ts": "1731442186572"}, {"instId": "OKB-USDT", "side": "buy", "sz": "10.746649", "px": "45.14", "tradeId": "161236962", "ts": "1731442191132"}, {"instId": "OKB-USDT", "side": "buy", "sz": "3", "px": "45.14", "tradeId": "161236961", "ts": "1731442191132"}, {"instId": "OKB-USDT", "side": "buy", "sz": "0.15", "px": "45.14", "tradeId": "161236960", "ts": "1731442191132"}, {"instId": "OKB-USDT", "side": "buy", "sz": "6.906882", "px": "45.13", "tradeId": "161236959", "ts": "1731442191132"}, {"instId": "OKB-USDT", "side": "buy", "sz": "0.15", "px": "45.13", "tradeId": "161236958", "ts": "1731442191132"}, {"instId": "OKB-USDT", "side": "buy", "sz": "0.553185", "px": "45.12", "tradeId": "161236957", "ts": "1731442191132"}, {"instId": "OKB-USDT", "side": "buy", "sz": "0.648824", "px": "45.11", "tradeId": "161236956", "ts": "1731442191132"}, {"instId": "OKB-USDT", "side": "sell", "sz": "0.215933", "px": "45.1", "tradeId": "161236963", "ts": "1731442194354"}, {"instId": "OKB-USDT", "side": "buy", "sz": "0.553184", "px": "45.12", "tradeId": "161236964", "ts": "1731442210734"}, {"instId": "OKB-USDT", "side": "buy", "sz": "0.135814", "px": "45.16", "tradeId": "161236974", "ts": "1731442211063"}, {"instId": "OKB-USDT", "side": "buy", "sz": "0.15", "px": "45.16", "tradeId": "161236973", "ts": "1731442211063"}, {"instId": "OKB-USDT", "side": "buy", "sz": "3.7", "px": "45.15", "tradeId": "161236972", "ts": "1731442211063"}, {"instId": "OKB-USDT", "side": "buy", "sz": "1.105554", "px": "45.15", "tradeId": "161236971", "ts": "1731442211063"}, {"instId": "OKB-USDT", "side": "buy", "sz": "3", "px": "45.15", "tradeId": "161236970", "ts": "1731442211063"}, {"instId": "OKB-USDT", "side": "buy", "sz": "0.15", "px": "45.15", "tradeId": "161236969", "ts": "1731442211063"}, {"instId": "OKB-USDT", "side": "buy", "sz": "0.15", "px": "45.15", "tradeId": "161236968", "ts": "1731442211063"}, {"instId": "OKB-USDT", "side": "buy", "sz": "0.15", "px": "45.14", "tradeId": "161236967", "ts": "1731442211063"}, {"instId": "OKB-USDT", "side": "buy", "sz": "13.39409", "px": "45.14", "tradeId": "161236966", "ts": "1731442211063"}, {"instId": "OKB-USDT", "side": "buy", "sz": "0.215968", "px": "45.13", "tradeId": "161236965", "ts": "1731442211063"}, {"instId": "OKB-USDT", "side": "buy", "sz": "4.50212", "px": "45.15", "tradeId": "161236981", "ts": "1731442233856"}, {"instId": "OKB-USDT", "side": "buy", "sz": "0.15", "px": "45.15", "tradeId": "161236980", "ts": "1731442233856"}, {"instId": "OKB-USDT", "side": "buy", "sz": "0.15", "px": "45.15", "tradeId": "161236979", "ts": "1731442233856"}, {"instId": "OKB-USDT", "side": "buy", "sz": "5.04", "px": "45.15", "tradeId": "161236978", "ts": "1731442233856"}, {"instId": "OKB-USDT", "side": "buy", "sz": "6.69738", "px": "45.14", "tradeId": "161236977", "ts": "1731442233856"}, {"instId": "OKB-USDT", "side": "buy", "sz": "0.15", "px": "45.14", "tradeId": "161236976", "ts": "1731442233856"}, {"instId": "OKB-USDT", "side": "buy", "sz": "0.553026", "px": "45.13", "tradeId": "161236975", "ts": "1731442233856"}, {"instId": "OKB-USDT", "side": "sell", "sz": "0.000099", "px": "45.15", "tradeId": "161236983", "ts": "1731442233861"}, {"instId": "OKB-USDT", "side": "sell", "sz": "0.5054", "px": "45.15", "tradeId": "161236982", "ts": "1731442233861"}, {"instId": "OKB-USDT", "side": "buy", "sz": "0.312869", "px": "45.15", "tradeId": "161236985", "ts": "1731442244663"}, {"instId": "OKB-USDT", "side": "buy", "sz": "0.553", "px": "45.14", "tradeId": "161236984", "ts": "1731442244663"}, {"instId": "OKB-USDT", "side": "sell", "sz": "0.106359", "px": "45.11", "tradeId": "161236987", "ts": "1731442249854"}, {"instId": "OKB-USDT", "side": "sell", "sz": "0.138143", "px": "45.11", "tradeId": "161236986", "ts": "1731442249854"}, {"instId": "OKB-USDT", "side": "sell", "sz": "1.542919", "px": "45.11", "tradeId": "161236988", "ts": "1731442264132"}, {"instId": "OKB-USDT", "side": "sell", "sz": "2.165", "px": "45.1", "tradeId": "161236989", "ts": "1731442297851"}, {"instId": "OKB-USDT", "side": "sell", "sz": "0.000026", "px": "45.1", "tradeId": "161236990", "ts": "1731442297854"}, {"instId": "OKB-USDT", "side": "buy", "sz": "0.749451", "px": "45.09", "tradeId": "161236991", "ts": "1731442297883"}, {"instId": "OKB-USDT", "side": "buy", "sz": "0.553504", "px": "45.09", "tradeId": "161236992", "ts": "1731442298393"}, {"instId": "OKB-USDT", "side": "buy", "sz": "1.08139", "px": "45.09", "tradeId": "161236993", "ts": "1731442298623"}, {"instId": "OKB-USDT", "side": "sell", "sz": "0.6488", "px": "45.08", "tradeId": "161236994", "ts": "1731442300332"}, {"instId": "OKB-USDT", "side": "sell", "sz": "0.000024", "px": "45.08", "tradeId": "161236995", "ts": "1731442300343"}, {"instId": "OKB-USDT", "side": "sell", "sz": "0.173898", "px": "45.06", "tradeId": "161236996", "ts": "1731442302854"}, {"instId": "OKB-USDT", "side": "buy", "sz": "0.553629", "px": "45.08", "tradeId": "161236997", "ts": "1731442303383"}, {"instId": "OKB-USDT", "side": "buy", "sz": "0.553609", "px": "45.09", "tradeId": "161236998", "ts": "1731442306823"}, {"instId": "OKB-USDT", "side": "buy", "sz": "0.37345", "px": "45.09", "tradeId": "161236999", "ts": "1731442308015"}, {"instId": "OKB-USDT", "side": "buy", "sz": "0.553547", "px": "45.09", "tradeId": "161237000", "ts": "1731442313074"}, {"instId": "OKB-USDT", "side": "buy", "sz": "0.67748", "px": "45.1", "tradeId": "161237001", "ts": "1731442313153"}, {"instId": "OKB-USDT", "side": "buy", "sz": "0.334664", "px": "45.09", "tradeId": "161237002", "ts": "1731442327994"}, {"instId": "OKB-USDT", "side": "sell", "sz": "0.526221", "px": "45.07", "tradeId": "161237003", "ts": "1731442335945"}, {"instId": "OKB-USDT", "side": "sell", "sz": "0.224802", "px": "45.06", "tradeId": "161237004", "ts": "1731442346354"}, {"instId": "OKB-USDT", "side": "buy", "sz": "6.134966", "px": "45.1", "tradeId": "161237009", "ts": "1731442350892"}, {"instId": "OKB-USDT", "side": "buy", "sz": "15.93158", "px": "45.1", "tradeId": "161237008", "ts": "1731442350892"}, {"instId": "OKB-USDT", "side": "buy", "sz": "6.876146", "px": "45.1", "tradeId": "161237007", "ts": "1731442350892"}, {"instId": "OKB-USDT", "side": "buy", "sz": "0.903756", "px": "45.1", "tradeId": "161237006", "ts": "1731442350892"}, {"instId": "OKB-USDT", "side": "buy", "sz": "0.553552", "px": "45.09", "tradeId": "161237005", "ts": "1731442350892"}, {"instId": "OKB-USDT", "side": "buy", "sz": "0.104235", "px": "45.09", "tradeId": "161237010", "ts": "1731442351443"}, {"instId": "OKB-USDT", "side": "buy", "sz": "0.520772", "px": "45.09", "tradeId": "161237012", "ts": "1731442355663"}, {"instId": "OKB-USDT", "side": "buy", "sz": "0.422065", "px": "45.09", "tradeId": "161237011", "ts": "1731442355663"}, {"instId": "OKB-USDT", "side": "sell", "sz": "0.128842", "px": "45.06", "tradeId": "161237014", "ts": "1731442393354"}, {"instId": "OKB-USDT", "side": "sell", "sz": "0.08235", "px": "45.06", "tradeId": "161237013", "ts": "1731442393354"}, {"instId": "OKB-USDT", "side": "buy", "sz": "0.553645", "px": "45.08", "tradeId": "161237015", "ts": "1731442416972"}, {"instId": "OKB-USDT", "side": "buy", "sz": "0.553662", "px": "45.08", "tradeId": "161237016", "ts": "1731442417835"}, {"instId": "OKB-USDT", "side": "sell", "sz": "0.1536", "px": "45.06", "tradeId": "161237017", "ts": "1731442435422"}, {"instId": "OKB-USDT", "side": "sell", "sz": "0.1", "px": "45.06", "tradeId": "161237019", "ts": "1731442442988"}, {"instId": "OKB-USDT", "side": "sell", "sz": "2.08941", "px": "45.06", "tradeId": "161237018", "ts": "1731442442988"}, {"instId": "OKB-USDT", "side": "sell", "sz": "0.215393", "px": "45.04", "tradeId": "161237020", "ts": "1731442451854"}, {"instId": "OKB-USDT", "side": "sell", "sz": "1.476015", "px": "45.02", "tradeId": "161237027", "ts": "1731442455749"}, {"instId": "OKB-USDT", "side": "sell", "sz": "0.15", "px": "45.02", "tradeId": "161237026", "ts": "1731442455749"}, {"instId": "OKB-USDT", "side": "sell", "sz": "0.15", "px": "45.02", "tradeId": "161237025", "ts": "1731442455749"}, {"instId": "OKB-USDT", "side": "sell", "sz": "1.133105", "px": "45.03", "tradeId": "161237024", "ts": "1731442455749"}, {"instId": "OKB-USDT", "side": "sell", "sz": "0.15", "px": "45.03", "tradeId": "161237023", "ts": "1731442455749"}, {"instId": "OKB-USDT", "side": "sell", "sz": "1.08139", "px": "45.04", "tradeId": "161237022", "ts": "1731442455749"}, {"instId": "OKB-USDT", "side": "sell", "sz": "1.831701", "px": "45.04", "tradeId": "161237021", "ts": "1731442455749"}, {"instId": "OKB-USDT", "side": "buy", "sz": "0.935126", "px": "45.05", "tradeId": "161237028", "ts": "1731442458663"}, {"instId": "OKB-USDT", "side": "sell", "sz": "0.189292", "px": "45.02", "tradeId": "161237029", "ts": "1731442512354"}, {"instId": "OKB-USDT", "side": "sell", "sz": "1.468325", "px": "45.02", "tradeId": "161237030", "ts": "1731442524160"}, {"instId": "OKB-USDT", "side": "sell", "sz": "2.166585", "px": "45.01", "tradeId": "161237033", "ts": "1731442531772"}, {"instId": "OKB-USDT", "side": "sell", "sz": "0.229708", "px": "45.01", "tradeId": "161237032", "ts": "1731442531772"}, {"instId": "OKB-USDT", "side": "sell", "sz": "6.526307", "px": "45.01", "tradeId": "161237031", "ts": "1731442531772"}, {"instId": "OKB-USDT", "side": "sell", "sz": "0.000079", "px": "45.01", "tradeId": "161237034", "ts": "1731442531776"}, {"instId": "OKB-USDT", "side": "sell", "sz": "0.403509", "px": "45", "tradeId": "161237041", "ts": "1731442531778"}, {"instId": "OKB-USDT", "side": "sell", "sz": "1.25", "px": "45", "tradeId": "161237040", "ts": "1731442531778"}, {"instId": "OKB-USDT", "side": "sell", "sz": "10.122567", "px": "45", "tradeId": "161237039", "ts": "1731442531778"}, {"instId": "OKB-USDT", "side": "sell", "sz": "0.2004", "px": "45", "tradeId": "161237038", "ts": "1731442531778"}, {"instId": "OKB-USDT", "side": "sell", "sz": "1.674565", "px": "45", "tradeId": "161237037", "ts": "1731442531778"}, {"instId": "OKB-USDT", "side": "sell", "sz": "3.520089", "px": "45", "tradeId": "161237036", "ts": "1731442531778"}, {"instId": "OKB-USDT", "side": "sell", "sz": "4.141011", "px": "45", "tradeId": "161237035", "ts": "1731442531778"}, {"instId": "OKB-USDT", "side": "sell", "sz": "0.908708", "px": "44.99", "tradeId": "161237043", "ts": "1731442531782"}, {"instId": "OKB-USDT", "side": "sell", "sz": "0.172682", "px": "44.99", "tradeId": "161237042", "ts": "1731442531782"}, {"instId": "OKB-USDT", "side": "sell", "sz": "1.791292", "px": "44.99", "tradeId": "161237044", "ts": "1731442531784"}, {"instId": "OKB-USDT", "side": "sell", "sz": "2.16873", "px": "44.98", "tradeId": "161237046", "ts": "1731442537452"}, {"instId": "OKB-USDT", "side": "sell", "sz": "0.10497", "px": "44.98", "tradeId": "161237045", "ts": "1731442537452"}, {"instId": "OKB-USDT", "side": "sell", "sz": "2.5", "px": "44.97", "tradeId": "161237051", "ts": "1731442537461"}, {"instId": "OKB-USDT", "side": "sell", "sz": "5", "px": "44.97", "tradeId": "161237050", "ts": "1731442537461"}, {"instId": "OKB-USDT", "side": "sell", "sz": "6.411953", "px": "44.97", "tradeId": "161237049", "ts": "1731442537461"}, {"instId": "OKB-USDT", "side": "sell", "sz": "1.025039", "px": "44.97", "tradeId": "161237048", "ts": "1731442537461"}, {"instId": "OKB-USDT", "side": "sell", "sz": "0.000003", "px": "44.98", "tradeId": "161237047", "ts": "1731442537461"}, {"instId": "OKB-USDT", "side": "sell", "sz": "3.2", "px": "44.96", "tradeId": "161237055", "ts": "1731442537466"}, {"instId": "OKB-USDT", "side": "sell", "sz": "3.2", "px": "44.96", "tradeId": "161237054", "ts": "1731442537466"}, {"instId": "OKB-USDT", "side": "sell", "sz": "0.168761", "px": "44.96", "tradeId": "161237053", "ts": "1731442537466"}, {"instId": "OKB-USDT", "side": "sell", "sz": "1.127479", "px": "44.96", "tradeId": "161237052", "ts": "1731442537466"}, {"instId": "OKB-USDT", "side": "sell", "sz": "0.174683", "px": "44.95", "tradeId": "161237057", "ts": "1731442550897"}, {"instId": "OKB-USDT", "side": "sell", "sz": "0.193997", "px": "44.95", "tradeId": "161237056", "ts": "1731442550897"}, {"instId": "OKB-USDT", "side": "sell", "sz": "0.481216", "px": "44.94", "tradeId": "161237059", "ts": "1731442559039"}, {"instId": "OKB-USDT", "side": "sell", "sz": "0.277504", "px": "44.94", "tradeId": "161237058", "ts": "1731442559039"}, {"instId": "OKB-USDT", "side": "buy", "sz": "2.371852", "px": "44.94", "tradeId": "161237061", "ts": "1731442559050"}, {"instId": "OKB-USDT", "side": "buy", "sz": "6.253309", "px": "44.94", "tradeId": "161237060", "ts": "1731442559050"}, {"instId": "OKB-USDT", "side": "sell", "sz": "0.153217", "px": "44.95", "tradeId": "161237062", "ts": "1731442576854"}, {"instId": "OKB-USDT", "side": "buy", "sz": "0.781772", "px": "44.99", "tradeId": "161237063", "ts": "1731442588663"}, {"instId": "OKB-USDT", "side": "sell", "sz": "5.066986", "px": "44.92", "tradeId": "161237084", "ts": "1731442598286"}, {"instId": "OKB-USDT", "side": "sell", "sz": "5.10612", "px": "44.92", "tradeId": "161237083", "ts": "1731442598286"}, {"instId": "OKB-USDT", "side": "sell", "sz": "0.15", "px": "44.92", "tradeId": "161237082", "ts": "1731442598286"}, {"instId": "OKB-USDT", "side": "sell", "sz": "0.303602", "px": "44.92", "tradeId": "161237081", "ts": "1731442598286"}, {"instId": "OKB-USDT", "side": "sell", "sz": "1.086317", "px": "44.92", "tradeId": "161237080", "ts": "1731442598286"}, {"instId": "OKB-USDT", "side": "sell", "sz": "0.347298", "px": "44.92", "tradeId": "161237079", "ts": "1731442598286"}, {"instId": "OKB-USDT", "side": "sell", "sz": "0.15", "px": "44.92", "tradeId": "161237078", "ts": "1731442598286"}, {"instId": "OKB-USDT", "side": "sell", "sz": "5.104439", "px": "44.93", "tradeId": "161237077", "ts": "1731442598286"}, {"instId": "OKB-USDT", "side": "sell", "sz": "4.4", "px": "44.93", "tradeId": "161237076", "ts": "1731442598286"}, {"instId": "OKB-USDT", "side": "sell", "sz": "1.5", "px": "44.93", "tradeId": "161237075", "ts": "1731442598286"}, {"instId": "OKB-USDT", "side": "sell", "sz": "3", "px": "44.93", "tradeId": "161237074", "ts": "1731442598286"}, {"instId": "OKB-USDT", "side": "sell", "sz": "0.15", "px": "44.93", "tradeId": "161237073", "ts": "1731442598286"}, {"instId": "OKB-USDT", "side": "sell", "sz": "0.102759", "px": "44.93", "tradeId": "161237072", "ts": "1731442598286"}, {"instId": "OKB-USDT", "side": "sell", "sz": "0.279097", "px": "44.93", "tradeId": "161237071", "ts": "1731442598286"}, {"instId": "OKB-USDT", "side": "sell", "sz": "1.133105", "px": "44.93", "tradeId": "161237070", "ts": "1731442598286"}, {"instId": "OKB-USDT", "side": "sell", "sz": "2.7", "px": "44.94", "tradeId": "161237069", "ts": "1731442598286"}, {"instId": "OKB-USDT", "side": "sell", "sz": "0.15", "px": "44.94", "tradeId": "161237068", "ts": "1731442598286"}, {"instId": "OKB-USDT", "side": "sell", "sz": "3", "px": "44.94", "tradeId": "161237067", "ts": "1731442598286"}, {"instId": "OKB-USDT", "side": "sell", "sz": "3.5", "px": "44.95", "tradeId": "161237066", "ts": "1731442598286"}, {"instId": "OKB-USDT", "side": "sell", "sz": "5.551761", "px": "44.95", "tradeId": "161237065", "ts": "1731442598286"}, {"instId": "OKB-USDT", "side": "sell", "sz": "2.218516", "px": "44.95", "tradeId": "161237064", "ts": "1731442598286"}, {"instId": "OKB-USDT", "side": "sell", "sz": "0.217014", "px": "44.93", "tradeId": "161237085", "ts": "1731442624354"}, {"instId": "OKB-USDT", "side": "buy", "sz": "0.148299", "px": "45.03", "tradeId": "161237103", "ts": "1731442631373"}, {"instId": "OKB-USDT", "side": "buy", "sz": "3", "px": "45.03", "tradeId": "161237102", "ts": "1731442631373"}, {"instId": "OKB-USDT", "side": "buy", "sz": "3", "px": "45.02", "tradeId": "161237101", "ts": "1731442631373"}, {"instId": "OKB-USDT", "side": "buy", "sz": "0.15", "px": "45.02", "tradeId": "161237100", "ts": "1731442631373"}, {"instId": "OKB-USDT", "side": "buy", "sz": "3", "px": "45.01", "tradeId": "161237099", "ts": "1731442631373"}, {"instId": "OKB-USDT", "side": "buy", "sz": "0.15", "px": "45.01", "tradeId": "161237098", "ts": "1731442631373"}, {"instId": "OKB-USDT", "side": "buy", "sz": "0.15", "px": "45.01", "tradeId": "161237097", "ts": "1731442631373"}, {"instId": "OKB-USDT", "side": "buy", "sz": "1.109266", "px": "45", "tradeId": "161237096", "ts": "1731442631373"}, {"instId": "OKB-USDT", "side": "buy", "sz": "0.15", "px": "45", "tradeId": "161237095", "ts": "1731442631373"}, {"instId": "OKB-USDT", "side": "buy", "sz": "0.843138", "px": "45", "tradeId": "161237094", "ts": "1731442631373"}, {"instId": "OKB-USDT", "side": "buy", "sz": "0.15", "px": "44.99", "tradeId": "161237093", "ts": "1731442631373"}, {"instId": "OKB-USDT", "side": "buy", "sz": "0.15", "px": "44.99", "tradeId": "161237092", "ts": "1731442631373"}, {"instId": "OKB-USDT", "side": "buy", "sz": "3.4", "px": "44.99", "tradeId": "161237091", "ts": "1731442631373"}, {"instId": "OKB-USDT", "side": "buy", "sz": "1.59008", "px": "44.99", "tradeId": "161237090", "ts": "1731442631373"}, {"instId": "OKB-USDT", "side": "buy", "sz": "0.15", "px": "44.98", "tradeId": "161237089", "ts": "1731442631373"}, {"instId": "OKB-USDT", "side": "buy", "sz": "0.555016", "px": "44.97", "tradeId": "161237088", "ts": "1731442631373"}, {"instId": "OKB-USDT", "side": "buy", "sz": "2.154969", "px": "44.97", "tradeId": "161237087", "ts": "1731442631373"}, {"instId": "OKB-USDT", "side": "buy", "sz": "2.371852", "px": "44.97", "tradeId": "161237086", "ts": "1731442631373"}, {"instId": "OKB-USDT", "side": "sell", "sz": "0.964124", "px": "44.95", "tradeId": "161237114", "ts": "1731442642776"}, {"instId": "OKB-USDT", "side": "sell", "sz": "0.781774", "px": "44.95", "tradeId": "161237113", "ts": "1731442642776"}, {"instId": "OKB-USDT", "side": "sell", "sz": "2.7", "px": "44.96", "tradeId": "161237112", "ts": "1731442642776"}, {"instId": "OKB-USDT", "side": "sell", "sz": "0.15", "px": "44.96", "tradeId": "161237111", "ts": "1731442642776"}, {"instId": "OKB-USDT", "side": "sell", "sz": "3.6", "px": "44.96", "tradeId": "161237110", "ts": "1731442642776"}, {"instId": "OKB-USDT", "side": "sell", "sz": "2.154969", "px": "44.96", "tradeId": "161237109", "ts": "1731442642776"}, {"instId": "OKB-USDT", "side": "sell", "sz": "3", "px": "44.96", "tradeId": "161237108", "ts": "1731442642776"}, {"instId": "OKB-USDT", "side": "sell", "sz": "0.15", "px": "44.96", "tradeId": "161237107", "ts": "1731442642776"}, {"instId": "OKB-USDT", "side": "sell", "sz": "0.15", "px": "44.97", "tradeId": "161237106", "ts": "1731442642776"}, {"instId": "OKB-USDT", "side": "sell", "sz": "3", "px": "44.97", "tradeId": "161237105", "ts": "1731442642776"}, {"instId": "OKB-USDT", "side": "sell", "sz": "5.54953", "px": "44.97", "tradeId": "161237104", "ts": "1731442642776"}, {"instId": "OKB-USDT", "side": "buy", "sz": "0.721441", "px": "45.08", "tradeId": "161237137", "ts": "1731442651042"}, {"instId": "OKB-USDT", "side": "buy", "sz": "0.34702", "px": "45.08", "tradeId": "161237136", "ts": "1731442651042"}, {"instId": "OKB-USDT", "side": "buy", "sz": "0.277281", "px": "45.08", "tradeId": "161237135", "ts": "1731442651042"}, {"instId": "OKB-USDT", "side": "buy", "sz": "0.15", "px": "45.08", "tradeId": "161237134", "ts": "1731442651042"}, {"instId": "OKB-USDT", "side": "buy", "sz": "1.8", "px": "45.07", "tradeId": "161237133", "ts": "1731442651042"}, {"instId": "OKB-USDT", "side": "buy", "sz": "2.215038", "px": "45.07", "tradeId": "161237132", "ts": "1731442651042"}, {"instId": "OKB-USDT", "side": "buy", "sz": "3", "px": "45.07", "tradeId": "161237131", "ts": "1731442651042"}, {"instId": "OKB-USDT", "side": "buy", "sz": "0.15", "px": "45.07", "tradeId": "161237130", "ts": "1731442651042"}, {"instId": "OKB-USDT", "side": "buy", "sz": "0.15", "px": "45.07", "tradeId": "161237129", "ts": "1731442651042"}, {"instId": "OKB-USDT", "side": "buy", "sz": "1.107911", "px": "45.06", "tradeId": "161237128", "ts": "1731442651042"}, {"instId": "OKB-USDT", "side": "buy", "sz": "0.278887", "px": "45.06", "tradeId": "161237127", "ts": "1731442651042"}, {"instId": "OKB-USDT", "side": "buy", "sz": "3", "px": "45.06", "tradeId": "161237126", "ts": "1731442651042"}, {"instId": "OKB-USDT", "side": "buy", "sz": "0.184373", "px": "45.06", "tradeId": "161237125", "ts": "1731442651042"}, {"instId": "OKB-USDT", "side": "buy", "sz": "0.15", "px": "45.06", "tradeId": "161237124", "ts": "1731442651042"}, {"instId": "OKB-USDT", "side": "buy", "sz": "0.822896", "px": "45.05", "tradeId": "161237123", "ts": "1731442651042"}, {"instId": "OKB-USDT", "side": "buy", "sz": "2.7", "px": "45.05", "tradeId": "161237122", "ts": "1731442651042"}, {"instId": "OKB-USDT", "side": "buy", "sz": "0.15", "px": "45.05", "tradeId": "161237121", "ts": "1731442651042"}, {"instId": "OKB-USDT", "side": "buy", "sz": "3", "px": "45.05", "tradeId": "161237120", "ts": "1731442651042"}, {"instId": "OKB-USDT", "side": "buy", "sz": "0.15", "px": "45.05", "tradeId": "161237119", "ts": "1731442651042"}, {"instId": "OKB-USDT", "side": "buy", "sz": "0.15", "px": "45.04", "tradeId": "161237118", "ts": "1731442651042"}, {"instId": "OKB-USDT", "side": "buy", "sz": "0.554303", "px": "45.03", "tradeId": "161237117", "ts": "1731442651042"}, {"instId": "OKB-USDT", "side": "buy", "sz": "1.132198", "px": "45.03", "tradeId": "161237116", "ts": "1731442651042"}, {"instId": "OKB-USDT", "side": "buy", "sz": "0.001701", "px": "45.03", "tradeId": "161237115", "ts": "1731442651042"}, {"instId": "OKB-USDT", "side": "sell", "sz": "0.155927", "px": "45", "tradeId": "161237138", "ts": "1731442676854"}, {"instId": "OKB-USDT", "side": "sell", "sz": "0.145427", "px": "45", "tradeId": "161237139", "ts": "1731442732854"}, {"instId": "OKB-USDT", "side": "buy", "sz": "1.381641", "px": "45.04", "tradeId": "161237140", "ts": "1731442746663"}, {"instId": "OKB-USDT", "side": "sell", "sz": "0.153355", "px": "45.03", "tradeId": "161237141", "ts": "1731442782354"}, {"instId": "OKB-USDT", "side": "buy", "sz": "0.778642", "px": "45.04", "tradeId": "161237142", "ts": "1731442791177"}, {"instId": "OKB-USDT", "side": "sell", "sz": "3.631503", "px": "45.01", "tradeId": "161237146", "ts": "1731442800890"}, {"instId": "OKB-USDT", "side": "sell", "sz": "3", "px": "45.01", "tradeId": "161237145", "ts": "1731442800890"}, {"instId": "OKB-USDT", "side": "sell", "sz": "0.15", "px": "45.02", "tradeId": "161237144", "ts": "1731442800890"}, {"instId": "OKB-USDT", "side": "sell", "sz": "2.218497", "px": "45.03", "tradeId": "161237143", "ts": "1731442800890"}, {"instId": "OKB-USDT", "side": "sell", "sz": "0.176019", "px": "45.02", "tradeId": "161237147", "ts": "1731442826354"}, {"instId": "OKB-USDT", "side": "buy", "sz": "0.938402", "px": "45.05", "tradeId": "161237148", "ts": "1731442845663"}, {"instId": "OKB-USDT", "side": "sell", "sz": "0.831357", "px": "45", "tradeId": "161237153", "ts": "1731442866305"}, {"instId": "OKB-USDT", "side": "sell", "sz": "3", "px": "45", "tradeId": "161237152", "ts": "1731442866305"}, {"instId": "OKB-USDT", "side": "sell", "sz": "2.226425", "px": "45", "tradeId": "161237151", "ts": "1731442866305"}, {"instId": "OKB-USDT", "side": "sell", "sz": "0.15", "px": "45.01", "tradeId": "161237150", "ts": "1731442866305"}, {"instId": "OKB-USDT", "side": "sell", "sz": "0.895454", "px": "45.02", "tradeId": "161237149", "ts": "1731442866305"}, {"instId": "OKB-USDT", "side": "sell", "sz": "0.43", "px": "45.01", "tradeId": "161237154", "ts": "1731442873120"}, {"instId": "OKB-USDT", "side": "sell", "sz": "0.43", "px": "45.01", "tradeId": "161237155", "ts": "1731442873577"}, {"instId": "OKB-USDT", "side": "sell", "sz": "0.43", "px": "44.99", "tradeId": "161237156", "ts": "1731442873665"}, {"instId": "OKB-USDT", "side": "sell", "sz": "0.43", "px": "45.01", "tradeId": "161237157", "ts": "1731442875218"}, {"instId": "OKB-USDT", "side": "sell", "sz": "0.353073", "px": "44.93", "tradeId": "161237187", "ts": "1731442886676"}, {"instId": "OKB-USDT", "side": "sell", "sz": "3", "px": "44.93", "tradeId": "161237186", "ts": "1731442886676"}, {"instId": "OKB-USDT", "side": "sell", "sz": "0.279097", "px": "44.93", "tradeId": "161237185", "ts": "1731442886676"}, {"instId": "OKB-USDT", "side": "sell", "sz": "1.133105", "px": "44.93", "tradeId": "161237184", "ts": "1731442886676"}, {"instId": "OKB-USDT", "side": "sell", "sz": "3.7", "px": "44.93", "tradeId": "161237183", "ts": "1731442886676"}, {"instId": "OKB-USDT", "side": "sell", "sz": "0.15", "px": "44.93", "tradeId": "161237182", "ts": "1731442886676"}, {"instId": "OKB-USDT", "side": "sell", "sz": "4.436659", "px": "44.94", "tradeId": "161237181", "ts": "1731442886676"}, {"instId": "OKB-USDT", "side": "sell", "sz": "5.404191", "px": "44.94", "tradeId": "161237180", "ts": "1731442886676"}, {"instId": "OKB-USDT", "side": "sell", "sz": "0.277504", "px": "44.94", "tradeId": "161237179", "ts": "1731442886676"}, {"instId": "OKB-USDT", "side": "sell", "sz": "3.7", "px": "44.94", "tradeId": "161237178", "ts": "1731442886676"}, {"instId": "OKB-USDT", "side": "sell", "sz": "0.15", "px": "44.94", "tradeId": "161237177", "ts": "1731442886676"}, {"instId": "OKB-USDT", "side": "sell", "sz": "0.15", "px": "44.94", "tradeId": "161237176", "ts": "1731442886676"}, {"instId": "OKB-USDT", "side": "sell", "sz": "3", "px": "44.94", "tradeId": "161237175", "ts": "1731442886676"}, {"instId": "OKB-USDT", "side": "sell", "sz": "11.105931", "px": "44.95", "tradeId": "161237174", "ts": "1731442886676"}, {"instId": "OKB-USDT", "side": "sell", "sz": "1", "px": "44.95", "tradeId": "161237173", "ts": "1731442886676"}, {"instId": "OKB-USDT", "side": "sell", "sz": "0.15", "px": "44.95", "tradeId": "161237172", "ts": "1731442886676"}, {"instId": "OKB-USDT", "side": "sell", "sz": "2.035876", "px": "44.95", "tradeId": "161237171", "ts": "1731442886676"}, {"instId": "OKB-USDT", "side": "sell", "sz": "0.15", "px": "44.96", "tradeId": "161237170", "ts": "1731442886676"}, {"instId": "OKB-USDT", "side": "sell", "sz": "5.4", "px": "44.96", "tradeId": "161237169", "ts": "1731442886676"}, {"instId": "OKB-USDT", "side": "sell", "sz": "0.15", "px": "44.96", "tradeId": "161237168", "ts": "1731442886676"}, {"instId": "OKB-USDT", "side": "sell", "sz": "3", "px": "44.96", "tradeId": "161237167", "ts": "1731442886676"}, {"instId": "OKB-USDT", "side": "sell", "sz": "5.549732", "px": "44.97", "tradeId": "161237166", "ts": "1731442886676"}, {"instId": "OKB-USDT", "side": "sell", "sz": "0.15", "px": "44.97", "tradeId": "161237165", "ts": "1731442886676"}, {"instId": "OKB-USDT", "side": "sell", "sz": "3", "px": "44.97", "tradeId": "161237164", "ts": "1731442886676"}, {"instId": "OKB-USDT", "side": "sell", "sz": "3.7", "px": "44.98", "tradeId": "161237163", "ts": "1731442886676"}, {"instId": "OKB-USDT", "side": "sell", "sz": "3", "px": "44.98", "tradeId": "161237162", "ts": "1731442886676"}, {"instId": "OKB-USDT", "side": "sell", "sz": "0.15", "px": "44.98", "tradeId": "161237161", "ts": "1731442886676"}, {"instId": "OKB-USDT", "side": "sell", "sz": "0.15", "px": "44.98", "tradeId": "161237160", "ts": "1731442886676"}