[{"instId": "OKB-USDT", "side": "buy", "sz": "1.173621", "px": "44.29", "tradeId": "161231928", "ts": "1731428994491"}, {"instId": "OKB-USDT", "side": "buy", "sz": "1.581236", "px": "44.29", "tradeId": "161231927", "ts": "1731428994491"}, {"instId": "OKB-USDT", "side": "buy", "sz": "0.926393", "px": "44.29", "tradeId": "161231929", "ts": "1731428998663"}, {"instId": "OKB-USDT", "side": "sell", "sz": "0.148282", "px": "44.27", "tradeId": "161231930", "ts": "1731429003354"}, {"instId": "OKB-USDT", "side": "buy", "sz": "3.039088", "px": "44.31", "tradeId": "161231936", "ts": "1731429020472"}, {"instId": "OKB-USDT", "side": "buy", "sz": "0.15", "px": "44.31", "tradeId": "161231935", "ts": "1731429020472"}, {"instId": "OKB-USDT", "side": "buy", "sz": "5.286894", "px": "44.31", "tradeId": "161231934", "ts": "1731429020472"}, {"instId": "OKB-USDT", "side": "buy", "sz": "1.719253", "px": "44.31", "tradeId": "161231933", "ts": "1731429020472"}, {"instId": "OKB-USDT", "side": "buy", "sz": "0.15", "px": "44.3", "tradeId": "161231932", "ts": "1731429020472"}, {"instId": "OKB-USDT", "side": "buy", "sz": "0.06135", "px": "44.29", "tradeId": "161231931", "ts": "1731429020472"}, {"instId": "OKB-USDT", "side": "buy", "sz": "0.660912", "px": "44.31", "tradeId": "161231937", "ts": "1731429020475"}, {"instId": "OKB-USDT", "side": "buy", "sz": "0.15", "px": "44.32", "tradeId": "161231946", "ts": "1731429020476"}, {"instId": "OKB-USDT", "side": "buy", "sz": "0.15", "px": "44.32", "tradeId": "161231945", "ts": "1731429020476"}, {"instId": "OKB-USDT", "side": "buy", "sz": "4.848437", "px": "44.32", "tradeId": "161231944", "ts": "1731429020476"}, {"instId": "OKB-USDT", "side": "buy", "sz": "0.10285", "px": "44.32", "tradeId": "161231943", "ts": "1731429020476"}, {"instId": "OKB-USDT", "side": "buy", "sz": "0.175976", "px": "44.32", "tradeId": "161231942", "ts": "1731429020476"}, {"instId": "OKB-USDT", "side": "buy", "sz": "0.174543", "px": "44.32", "tradeId": "161231941", "ts": "1731429020476"}, {"instId": "OKB-USDT", "side": "buy", "sz": "6.52337", "px": "44.32", "tradeId": "161231940", "ts": "1731429020476"}, {"instId": "OKB-USDT", "side": "buy", "sz": "1.132198", "px": "44.32", "tradeId": "161231939", "ts": "1731429020476"}, {"instId": "OKB-USDT", "side": "buy", "sz": "3.2", "px": "44.32", "tradeId": "161231938", "ts": "1731429020476"}, {"instId": "OKB-USDT", "side": "buy", "sz": "0.289424", "px": "44.34", "tradeId": "161231956", "ts": "1731429020481"}, {"instId": "OKB-USDT", "side": "buy", "sz": "0.15", "px": "44.34", "tradeId": "161231955", "ts": "1731429020481"}, {"instId": "OKB-USDT", "side": "buy", "sz": "0.15", "px": "44.34", "tradeId": "161231954", "ts": "1731429020481"}, {"instId": "OKB-USDT", "side": "buy", "sz": "1.126577", "px": "44.34", "tradeId": "161231953", "ts": "1731429020481"}, {"instId": "OKB-USDT", "side": "buy", "sz": "3.6", "px": "44.33", "tradeId": "161231952", "ts": "1731429020481"}, {"instId": "OKB-USDT", "side": "buy", "sz": "3.7", "px": "44.33", "tradeId": "161231951", "ts": "1731429020481"}, {"instId": "OKB-USDT", "side": "buy", "sz": "0.15", "px": "44.33", "tradeId": "161231950", "ts": "1731429020481"}, {"instId": "OKB-USDT", "side": "buy", "sz": "8.803906", "px": "44.33", "tradeId": "161231949", "ts": "1731429020481"}, {"instId": "OKB-USDT", "side": "buy", "sz": "7.03", "px": "44.33", "tradeId": "161231948", "ts": "1731429020481"}, {"instId": "OKB-USDT", "side": "buy", "sz": "0.17755", "px": "44.33", "tradeId": "161231947", "ts": "1731429020481"}, {"instId": "OKB-USDT", "side": "sell", "sz": "0.420478", "px": "44.32", "tradeId": "161231957", "ts": "1731429020484"}, {"instId": "OKB-USDT", "side": "sell", "sz": "1.951355", "px": "44.34", "tradeId": "161231959", "ts": "1731429022830"}, {"instId": "OKB-USDT", "side": "sell", "sz": "1.08139", "px": "44.34", "tradeId": "161231958", "ts": "1731429022830"}, {"instId": "OKB-USDT", "side": "buy", "sz": "2.165336", "px": "44.35", "tradeId": "161231964", "ts": "1731429027718"}, {"instId": "OKB-USDT", "side": "buy", "sz": "0.138368", "px": "44.35", "tradeId": "161231963", "ts": "1731429027718"}, {"instId": "OKB-USDT", "side": "buy", "sz": "0.235096", "px": "44.35", "tradeId": "161231962", "ts": "1731429027718"}, {"instId": "OKB-USDT", "side": "buy", "sz": "0.236375", "px": "44.35", "tradeId": "161231961", "ts": "1731429027718"}, {"instId": "OKB-USDT", "side": "buy", "sz": "0.239025", "px": "44.35", "tradeId": "161231960", "ts": "1731429027718"}, {"instId": "OKB-USDT", "side": "buy", "sz": "0.000051", "px": "44.35", "tradeId": "161231965", "ts": "1731429027723"}, {"instId": "OKB-USDT", "side": "buy", "sz": "0.192787", "px": "44.36", "tradeId": "161231968", "ts": "1731429027726"}, {"instId": "OKB-USDT", "side": "buy", "sz": "0.15", "px": "44.36", "tradeId": "161231967", "ts": "1731429027726"}, {"instId": "OKB-USDT", "side": "buy", "sz": "0.15", "px": "44.36", "tradeId": "161231966", "ts": "1731429027726"}, {"instId": "OKB-USDT", "side": "buy", "sz": "0.370284", "px": "44.36", "tradeId": "161231969", "ts": "1731429040560"}, {"instId": "OKB-USDT", "side": "sell", "sz": "0.7081", "px": "44.36", "tradeId": "161231970", "ts": "1731429040572"}, {"instId": "OKB-USDT", "side": "sell", "sz": "0.213572", "px": "44.32", "tradeId": "161231975", "ts": "1731429040579"}, {"instId": "OKB-USDT", "side": "sell", "sz": "0.15", "px": "44.33", "tradeId": "161231974", "ts": "1731429040579"}, {"instId": "OKB-USDT", "side": "sell", "sz": "0.15", "px": "44.34", "tradeId": "161231973", "ts": "1731429040579"}, {"instId": "OKB-USDT", "side": "sell", "sz": "0.420497", "px": "44.34", "tradeId": "161231972", "ts": "1731429040579"}, {"instId": "OKB-USDT", "side": "sell", "sz": "0.00009", "px": "44.36", "tradeId": "161231971", "ts": "1731429040579"}, {"instId": "OKB-USDT", "side": "buy", "sz": "2.662662", "px": "44.38", "tradeId": "161231991", "ts": "1731429047139"}, {"instId": "OKB-USDT", "side": "buy", "sz": "4.926457", "px": "44.38", "tradeId": "161231990", "ts": "1731429047139"}, {"instId": "OKB-USDT", "side": "buy", "sz": "1.6", "px": "44.38", "tradeId": "161231989", "ts": "1731429047139"}, {"instId": "OKB-USDT", "side": "buy", "sz": "1.6", "px": "44.38", "tradeId": "161231988", "ts": "1731429047139"}, {"instId": "OKB-USDT", "side": "buy", "sz": "4.7", "px": "44.38", "tradeId": "161231987", "ts": "1731429047139"}, {"instId": "OKB-USDT", "side": "buy", "sz": "0.15", "px": "44.38", "tradeId": "161231986", "ts": "1731429047139"}, {"instId": "OKB-USDT", "side": "buy", "sz": "0.15", "px": "44.38", "tradeId": "161231985", "ts": "1731429047139"}, {"instId": "OKB-USDT", "side": "buy", "sz": "0.163475", "px": "44.38", "tradeId": "161231984", "ts": "1731429047139"}, {"instId": "OKB-USDT", "side": "buy", "sz": "0.112945", "px": "44.38", "tradeId": "161231983", "ts": "1731429047139"}, {"instId": "OKB-USDT", "side": "buy", "sz": "0.277281", "px": "44.38", "tradeId": "161231982", "ts": "1731429047139"}, {"instId": "OKB-USDT", "side": "buy", "sz": "4.7", "px": "44.37", "tradeId": "161231981", "ts": "1731429047139"}, {"instId": "OKB-USDT", "side": "buy", "sz": "0.649495", "px": "44.37", "tradeId": "161231980", "ts": "1731429047139"}, {"instId": "OKB-USDT", "side": "buy", "sz": "0.103686", "px": "44.37", "tradeId": "161231979", "ts": "1731429047139"}, {"instId": "OKB-USDT", "side": "buy", "sz": "0.105256", "px": "44.37", "tradeId": "161231978", "ts": "1731429047139"}, {"instId": "OKB-USDT", "side": "buy", "sz": "0.403206", "px": "44.37", "tradeId": "161231977", "ts": "1731429047139"}, {"instId": "OKB-USDT", "side": "buy", "sz": "0.229604", "px": "44.37", "tradeId": "161231976", "ts": "1731429047139"}, {"instId": "OKB-USDT", "side": "buy", "sz": "0.537338", "px": "44.38", "tradeId": "161231992", "ts": "1731429047144"}, {"instId": "OKB-USDT", "side": "buy", "sz": "0.781707", "px": "44.39", "tradeId": "161231993", "ts": "1731429047659"}, {"instId": "OKB-USDT", "side": "sell", "sz": "0.233579", "px": "44.35", "tradeId": "161231994", "ts": "1731429061854"}, {"instId": "OKB-USDT", "side": "buy", "sz": "0.60748", "px": "44.38", "tradeId": "161231995", "ts": "1731429070830"}, {"instId": "OKB-USDT", "side": "sell", "sz": "0.080893", "px": "44.34", "tradeId": "161231997", "ts": "1731429109854"}, {"instId": "OKB-USDT", "side": "sell", "sz": "0.15", "px": "44.35", "tradeId": "161231996", "ts": "1731429109854"}, {"instId": "OKB-USDT", "side": "sell", "sz": "15.133524", "px": "44.19", "tradeId": "161232059", "ts": "1731429118993"}, {"instId": "OKB-USDT", "side": "sell", "sz": "4.7", "px": "44.19", "tradeId": "161232058", "ts": "1731429118993"}, {"instId": "OKB-USDT", "side": "sell", "sz": "5", "px": "44.19", "tradeId": "161232057", "ts": "1731429118993"}, {"instId": "OKB-USDT", "side": "sell", "sz": "0.15", "px": "44.19", "tradeId": "161232056", "ts": "1731429118993"}, {"instId": "OKB-USDT", "side": "sell", "sz": "26.940545", "px": "44.2", "tradeId": "161232055", "ts": "1731429118993"}, {"instId": "OKB-USDT", "side": "sell", "sz": "0.105341", "px": "44.2", "tradeId": "161232054", "ts": "1731429118993"}, {"instId": "OKB-USDT", "side": "sell", "sz": "0.15", "px": "44.2", "tradeId": "161232053", "ts": "1731429118993"}, {"instId": "OKB-USDT", "side": "sell", "sz": "0.15", "px": "44.2", "tradeId": "161232052", "ts": "1731429118993"}, {"instId": "OKB-USDT", "side": "sell", "sz": "5", "px": "44.21", "tradeId": "161232051", "ts": "1731429118993"}, {"instId": "OKB-USDT", "side": "sell", "sz": "0.138935", "px": "44.21", "tradeId": "161232050", "ts": "1731429118993"}, {"instId": "OKB-USDT", "side": "sell", "sz": "0.235273", "px": "44.21", "tradeId": "161232049", "ts": "1731429118993"}, {"instId": "OKB-USDT", "side": "sell", "sz": "0.236553", "px": "44.21", "tradeId": "161232048", "ts": "1731429118993"}, {"instId": "OKB-USDT", "side": "sell", "sz": "0.239205", "px": "44.21", "tradeId": "161232047", "ts": "1731429118993"}, {"instId": "OKB-USDT", "side": "sell", "sz": "3.7", "px": "44.21", "tradeId": "161232046", "ts": "1731429118993"}, {"instId": "OKB-USDT", "side": "sell", "sz": "0.15", "px": "44.21", "tradeId": "161232045", "ts": "1731429118993"}, {"instId": "OKB-USDT", "side": "sell", "sz": "0.103949", "px": "44.22", "tradeId": "161232044", "ts": "1731429118993"}, {"instId": "OKB-USDT", "side": "sell", "sz": "3.7", "px": "44.22", "tradeId": "161232043", "ts": "1731429118993"}, {"instId": "OKB-USDT", "side": "sell", "sz": "6.526307", "px": "44.22", "tradeId": "161232042", "ts": "1731429118993"}, {"instId": "OKB-USDT", "side": "sell", "sz": "0.15", "px": "44.22", "tradeId": "161232041", "ts": "1731429118993"}, {"instId": "OKB-USDT", "side": "sell", "sz": "0.15", "px": "44.22", "tradeId": "161232040", "ts": "1731429118993"}, {"instId": "OKB-USDT", "side": "sell", "sz": "2.1", "px": "44.23", "tradeId": "161232039", "ts": "1731429118993"}, {"instId": "OKB-USDT", "side": "sell", "sz": "1.133105", "px": "44.23", "tradeId": "161232038", "ts": "1731429118993"}, {"instId": "OKB-USDT", "side": "sell", "sz": "0.15", "px": "44.23", "tradeId": "161232037", "ts": "1731429118993"}, {"instId": "OKB-USDT", "side": "sell", "sz": "4.7", "px": "44.24", "tradeId": "161232036", "ts": "1731429118993"}, {"instId": "OKB-USDT", "side": "sell", "sz": "5", "px": "44.24", "tradeId": "161232035", "ts": "1731429118993"}, {"instId": "OKB-USDT", "side": "sell", "sz": "45.16143", "px": "44.24", "tradeId": "161232034", "ts": "1731429118993"}, {"instId": "OKB-USDT", "side": "sell", "sz": "0.277504", "px": "44.24", "tradeId": "161232033", "ts": "1731429118993"}, {"instId": "OKB-USDT", "side": "sell", "sz": "3.7", "px": "44.24", "tradeId": "161232032", "ts": "1731429118993"}, {"instId": "OKB-USDT", "side": "sell", "sz": "0.15", "px": "44.24", "tradeId": "161232031", "ts": "1731429118993"}, {"instId": "OKB-USDT", "side": "sell", "sz": "0.15", "px": "44.24", "tradeId": "161232030", "ts": "1731429118993"}, {"instId": "OKB-USDT", "side": "sell", "sz": "4.7", "px": "44.25", "tradeId": "161232029", "ts": "1731429118993"}, {"instId": "OKB-USDT", "side": "sell", "sz": "3.7", "px": "44.25", "tradeId": "161232028", "ts": "1731429118993"}, {"instId": "OKB-USDT", "side": "sell", "sz": "17.74168", "px": "44.25", "tradeId": "161232027", "ts": "1731429118993"}, {"instId": "OKB-USDT", "side": "sell", "sz": "0.403509", "px": "44.25", "tradeId": "161232026", "ts": "1731429118993"}, {"instId": "OKB-USDT", "side": "sell", "sz": "0.229708", "px": "44.25", "tradeId": "161232025", "ts": "1731429118993"}, {"instId": "OKB-USDT", "side": "sell", "sz": "0.15", "px": "44.25", "tradeId": "161232024", "ts": "1731429118993"}, {"instId": "OKB-USDT", "side": "sell", "sz": "4", "px": "44.26", "tradeId": "161232023", "ts": "1731429118993"}, {"instId": "OKB-USDT", "side": "sell", "sz": "0.15", "px": "44.26", "tradeId": "161232022", "ts": "1731429118993"}, {"instId": "OKB-USDT", "side": "sell", "sz": "0.15", "px": "44.26", "tradeId": "161232021", "ts": "1731429118993"}, {"instId": "OKB-USDT", "side": "sell", "sz": "4", "px": "44.27", "tradeId": "161232020", "ts": "1731429118993"}, {"instId": "OKB-USDT", "side": "sell", "sz": "11.28137", "px": "44.27", "tradeId": "161232019", "ts": "1731429118993"}, {"instId": "OKB-USDT", "side": "sell", "sz": "4.7", "px": "44.27", "tradeId": "161232018", "ts": "1731429118993"}, {"instId": "OKB-USDT", "side": "sell", "sz": "0.001718", "px": "44.27", "tradeId": "161232017", "ts": "1731429118993"}, {"instId": "OKB-USDT", "side": "sell", "sz": "11.280046", "px": "44.28", "tradeId": "161232016", "ts": "1731429118993"}, {"instId": "OKB-USDT", "side": "sell", "sz": "4", "px": "44.28", "tradeId": "161232015", "ts": "1731429118993"}, {"instId": "OKB-USDT", "side": "sell", "sz": "3.152087", "px": "44.28", "tradeId": "161232014", "ts": "1731429118993"}, {"instId": "OKB-USDT", "side": "sell", "sz": "0.15", "px": "44.28", "tradeId": "161232013", "ts": "1731429118993"}, {"instId": "OKB-USDT", "side": "sell", "sz": "0.15", "px": "44.28", "tradeId": "161232012", "ts": "1731429118993"}, {"instId": "OKB-USDT", "side": "sell", "sz": "5.61964", "px": "44.29", "tradeId": "161232011", "ts": "1731429118993"}, {"instId": "OKB-USDT", "side": "sell", "sz": "4", "px": "44.29", "tradeId": "161232010", "ts": "1731429118993"}, {"instId": "OKB-USDT", "side": "sell", "sz": "0.15", "px": "44.29", "tradeId": "161232009", "ts": "1731429118993"}, {"instId": "OKB-USDT", "side": "sell", "sz": "4", "px": "44.3", "tradeId": "161232008", "ts": "1731429118993"}, {"instId": "OKB-USDT", "side": "sell", "sz": "0.15", "px": "44.3", "tradeId": "161232007", "ts": "1731429118993"}, {"instId": "OKB-USDT", "side": "sell", "sz": "0.15", "px": "44.3", "tradeId": "161232006", "ts": "1731429118993"}, {"instId": "OKB-USDT", "side": "sell", "sz": "5.635809", "px": "44.31", "tradeId": "161232005", "ts": "1731429118993"}, {"instId": "OKB-USDT", "side": "sell", "sz": "0.15", "px": "44.31", "tradeId": "161232004", "ts": "1731429118993"}, {"instId": "OKB-USDT", "side": "sell", "sz": "0.15", "px": "44.32", "tradeId": "161232003", "ts": "1731429118993"}, {"instId": "OKB-USDT", "side": "sell", "sz": "0.15", "px": "44.32", "tradeId": "161232002", "ts": "1731429118993"}, {"instId": "OKB-USDT", "side": "sell", "sz": "2.15828", "px": "44.32", "tradeId": "161232001", "ts": "1731429118993"}, {"instId": "OKB-USDT", "side": "sell", "sz": "0.15", "px": "44.33", "tradeId": "161232000", "ts": "1731429118993"}, {"instId": "OKB-USDT", "side": "sell", "sz": "0.15", "px": "44.34", "tradeId": "161231999", "ts": "1731429118993"}, {"instId": "OKB-USDT", "side": "sell", "sz": "2.290959", "px": "44.34", "tradeId": "161231998", "ts": "1731429118993"}, {"instId": "OKB-USDT", "side": "buy", "sz": "2.823031", "px": "44.24", "tradeId": "161232060", "ts": "1731429130745"}, {"instId": "OKB-USDT", "side": "buy", "sz": "0.15", "px": "44.25", "tradeId": "161232061", "ts": "1731429130757"}, {"instId": "OKB-USDT", "side": "buy", "sz": "0.227028", "px": "44.25", "tradeId": "161232062", "ts": "1731429132425"}, {"instId": "OKB-USDT", "side": "buy", "sz": "0.444742", "px": "44.24", "tradeId": "161232063", "ts": "1731429140971"}, {"instId": "OKB-USDT", "side": "buy", "sz": "2.378071", "px": "44.24", "tradeId": "161232064", "ts": "1731429143526"}, {"instId": "OKB-USDT", "side": "buy", "sz": "2.823165", "px": "44.24", "tradeId": "161232065", "ts": "1731429144124"}, {"instId": "OKB-USDT", "side": "buy", "sz": "2.823152", "px": "44.24", "tradeId": "161232066", "ts": "1731429144675"}, {"instId": "OKB-USDT", "side": "buy", "sz": "0.15", "px": "44.25", "tradeId": "161232067", "ts": "1731429145081"}, {"instId": "OKB-USDT", "side": "buy", "sz": "2.822979", "px": "44.24", "tradeId": "161232068", "ts": "1731429145205"}, {"instId": "OKB-USDT", "side": "buy", "sz": "2.258397", "px": "44.24", "tradeId": "161232069", "ts": "1731429153025"}, {"instId": "OKB-USDT", "side": "buy", "sz": "2.258386", "px": "44.24", "tradeId": "161232070", "ts": "1731429160125"}, {"instId": "OKB-USDT", "side": "buy", "sz": "2.248181", "px": "44.24", "tradeId": "161232071", "ts": "1731429161415"}, {"instId": "OKB-USDT", "side": "buy", "sz": "0.173544", "px": "44.24", "tradeId": "161232072", "ts": "1731429164262"}, {"instId": "OKB-USDT", "side": "sell", "sz": "0.143112", "px": "44.22", "tradeId": "161232073", "ts": "1731429165854"}, {"instId": "OKB-USDT", "side": "buy", "sz": "1.091479", "px": "44.24", "tradeId": "161232074", "ts": "1731429176163"}, {"instId": "OKB-USDT", "side": "buy", "sz": "0.99341", "px": "44.24", "tradeId": "161232075", "ts": "1731429177732"}, {"instId": "OKB-USDT", "side": "buy", "sz": "2.25791", "px": "44.25", "tradeId": "161232076", "ts": "1731429181347"}, {"instId": "OKB-USDT", "side": "buy", "sz": "0.278717", "px": "44.24", "tradeId": "161232077", "ts": "1731429205262"}, {"instId": "OKB-USDT", "side": "sell", "sz": "0.255574", "px": "44.22", "tradeId": "161232078", "ts": "1731429236854"}, {"instId": "OKB-USDT", "side": "sell", "sz": "0.922274", "px": "44.22", "tradeId": "161232079", "ts": "1731429246818"}, {"instId": "OKB-USDT", "side": "buy", "sz": "0.105829", "px": "44.2", "tradeId": "161232080", "ts": "1731429258967"}, {"instId": "OKB-USDT", "side": "buy", "sz": "0.477937", "px": "44.2", "tradeId": "161232081", "ts": "1731429271462"}, {"instId": "OKB-USDT", "side": "buy", "sz": "0.032029", "px": "44.2", "tradeId": "161232083", "ts": "1731429274388"}, {"instId": "OKB-USDT", "side": "buy", "sz": "0.485176", "px": "44.2", "tradeId": "161232082", "ts": "1731429274388"}, {"instId": "OKB-USDT", "side": "buy", "sz": "0.958022", "px": "44.21", "tradeId": "161232086", "ts": "1731429281163"}, {"instId": "OKB-USDT", "side": "buy", "sz": "0.15", "px": "44.21", "tradeId": "161232085", "ts": "1731429281163"}, {"instId": "OKB-USDT", "side": "buy", "sz": "0.15", "px": "44.2", "tradeId": "161232084", "ts": "1731429281163"}, {"instId": "OKB-USDT", "side": "buy", "sz": "1.130965", "px": "44.21", "tradeId": "161232087", "ts": "1731429288851"}, {"instId": "OKB-USDT", "side": "buy", "sz": "12.862216", "px": "44.24", "tradeId": "161232095", "ts": "1731429290691"}, {"instId": "OKB-USDT", "side": "buy", "sz": "5.644121", "px": "44.23", "tradeId": "161232094", "ts": "1731429290691"}, {"instId": "OKB-USDT", "side": "buy", "sz": "0.15", "px": "44.23", "tradeId": "161232093", "ts": "1731429290691"}, {"instId": "OKB-USDT", "side": "buy", "sz": "0.15", "px": "44.22", "tradeId": "161232092", "ts": "1731429290691"}, {"instId": "OKB-USDT", "side": "buy", "sz": "0.15", "px": "44.22", "tradeId": "161232091", "ts": "1731429290691"}, {"instId": "OKB-USDT", "side": "buy", "sz": "2.371852", "px": "44.22", "tradeId": "161232090", "ts": "1731429290691"}, {"instId": "OKB-USDT", "side": "buy", "sz": "0.15", "px": "44.21", "tradeId": "161232089", "ts": "1731429290691"}, {"instId": "OKB-USDT", "side": "buy", "sz": "1.129174", "px": "44.21", "tradeId": "161232088", "ts": "1731429290691"}, {"instId": "OKB-USDT", "side": "buy", "sz": "3.573802", "px": "44.28", "tradeId": "161232108", "ts": "1731429296872"}, {"instId": "OKB-USDT", "side": "buy", "sz": "0.15", "px": "44.28", "tradeId": "161232107", "ts": "1731429296872"}, {"instId": "OKB-USDT", "side": "buy", "sz": "0.15", "px": "44.28", "tradeId": "161232106", "ts": "1731429296872"}, {"instId": "OKB-USDT", "side": "buy", "sz": "3.385393", "px": "44.27", "tradeId": "161232105", "ts": "1731429296872"}, {"instId": "OKB-USDT", "side": "buy", "sz": "2.674077", "px": "44.27", "tradeId": "161232104", "ts": "1731429296872"}, {"instId": "OKB-USDT", "side": "buy", "sz": "4", "px": "44.27", "tradeId": "161232103", "ts": "1731429296872"}, {"instId": "OKB-USDT", "side": "buy", "sz": "0.15", "px": "44.27", "tradeId": "161232102", "ts": "1731429296872"}, {"instId": "OKB-USDT", "side": "buy", "sz": "0.15", "px": "44.26", "tradeId": "161232101", "ts": "1731429296872"}, {"instId": "OKB-USDT", "side": "buy", "sz": "0.15", "px": "44.26", "tradeId": "161232100", "ts": "1731429296872"}, {"instId": "OKB-USDT", "side": "buy", "sz": "0.15", "px": "44.25", "tradeId": "161232099", "ts": "1731429296872"}, {"instId": "OKB-USDT", "side": "buy", "sz": "0.15", "px": "44.24", "tradeId": "161232098", "ts": "1731429296872"}, {"instId": "OKB-USDT", "side": "buy", "sz": "2.25859", "px": "44.24", "tradeId": "161232097", "ts": "1731429296872"}, {"instId": "OKB-USDT", "side": "buy", "sz": "5.65152", "px": "44.24", "tradeId": "161232096", "ts": "1731429296872"}, {"instId": "OKB-USDT", "side": "buy", "sz": "0.112968", "px": "44.26", "tradeId": "161232109", "ts": "1731429298718"}, {"instId": "OKB-USDT", "side": "sell", "sz": "0.027919", "px": "44.22", "tradeId": "161232111", "ts": "1731429303354"}, {"instId": "OKB-USDT", "side": "sell", "sz": "0.15", "px": "44.22", "tradeId": "161232110", "ts": "1731429303354"}, {"instId": "OKB-USDT", "side": "sell", "sz": "0.148252", "px": "44.22", "tradeId": "161232114", "ts": "1731429324665"}, {"instId": "OKB-USDT", "side": "sell", "sz": "0.15", "px": "44.22", "tradeId": "161232113", "ts": "1731429324665"}, {"instId": "OKB-USDT", "side": "sell", "sz": "1.994356", "px": "44.22", "tradeId": "161232112", "ts": "1731429324665"}, {"instId": "OKB-USDT", "side": "buy", "sz": "0.488302", "px": "44.22", "tradeId": "161232116", "ts": "1731429331569"}, {"instId": "OKB-USDT", "side": "buy", "sz": "2.821298", "px": "44.22", "tradeId": "161232115", "ts": "1731429331569"}, {"instId": "OKB-USDT", "side": "buy", "sz": "0.000008", "px": "44.22", "tradeId": "161232117", "ts": "1731429331575"}, {"instId": "OKB-USDT", "side": "sell", "sz": "0.240562", "px": "44.2", "tradeId": "161232118", "ts": "1731429366307"}, {"instId": "OKB-USDT", "side": "sell", "sz": "0.22192", "px": "44.21", "tradeId": "161232119", "ts": "1731429372354"}, {"instId": "OKB-USDT", "side": "buy", "sz": "0.419508", "px": "44.25", "tradeId": "161232122", "ts": "1731429378663"}, {"instId": "OKB-USDT", "side": "buy", "sz": "0.15", "px": "44.25", "tradeId": "161232121", "ts": "1731429378663"}, {"instId": "OKB-USDT", "side": "buy", "sz": "0.487901", "px": "44.24", "tradeId": "161232120", "ts": "1731429378663"}, {"instId": "OKB-USDT", "side": "sell", "sz": "0.228385", "px": "44.23", "tradeId": "161232123", "ts": "1731429413354"}, {"instId": "OKB-USDT", "side": "buy", "sz": "0.4879", "px": "44.26", "tradeId": "161232124", "ts": "1731429432658"}, {"instId": "OKB-USDT", "side": "buy", "sz": "0.000069", "px": "44.26", "tradeId": "161232125", "ts": "1731429432661"}, {"instId": "OKB-USDT", "side": "buy", "sz": "0.307501", "px": "44.3", "tradeId": "161232127", "ts": "1731429440756"}, {"instId": "OKB-USDT", "side": "buy", "sz": "1.691828", "px": "44.29", "tradeId": "161232126", "ts": "1731429440756"}, {"instId": "OKB-USDT", "side": "sell", "sz": "0.167785", "px": "44.27", "tradeId": "161232128", "ts": "1731429460354"}, {"instId": "OKB-USDT", "side": "sell", "sz": "4.72784", "px": "44.27", "tradeId": "161232131", "ts": "1731429506741"}, {"instId": "OKB-USDT", "side": "sell", "sz": "2.161364", "px": "44.27", "tradeId": "161232130", "ts": "1731429506741"}, {"instId": "OKB-USDT", "side": "sell", "sz": "2.110796", "px": "44.27", "tradeId": "161232129", "ts": "1731429506741"}, {"instId": "OKB-USDT", "side": "sell", "sz": "3.999914", "px": "44.28", "tradeId": "161232133", "ts": "1731429507057"}, {"instId": "OKB-USDT", "side": "sell", "sz": "0.307486", "px": "44.28", "tradeId": "161232132", "ts": "1731429507057"}, {"instId": "OKB-USDT", "side": "sell", "sz": "1.1054", "px": "44.27", "tradeId": "161232134", "ts": "1731429507062"}, {"instId": "OKB-USDT", "side": "sell", "sz": "0.000047", "px": "44.27", "tradeId": "161232135", "ts": "1731429507065"}, {"instId": "OKB-USDT", "side": "sell", "sz": "0.15", "px": "44.26", "tradeId": "161232137", "ts": "1731429507066"}, {"instId": "OKB-USDT", "side": "sell", "sz": "0.15", "px": "44.26", "tradeId": "161232136", "ts": "1731429507066"}, {"instId": "OKB-USDT", "side": "sell", "sz": "1.08139", "px": "44.25", "tradeId": "161232138", "ts": "1731429507086"}, {"instId": "OKB-USDT", "side": "buy", "sz": "0.859401", "px": "44.26", "tradeId": "161232139", "ts": "1731429508110"}, {"instId": "OKB-USDT", "side": "buy", "sz": "2.158421", "px": "44.27", "tradeId": "161232142", "ts": "1731429517049"}, {"instId": "OKB-USDT", "side": "buy", "sz": "2.371852", "px": "44.27", "tradeId": "161232141", "ts": "1731429517049"}, {"instId": "OKB-USDT", "side": "buy", "sz": "0.833351", "px": "44.26", "tradeId": "161232140", "ts": "1731429517049"}, {"instId": "OKB-USDT", "side": "sell", "sz": "0.4781", "px": "44.27", "tradeId": "161232143", "ts": "1731429517062"}, {"instId": "OKB-USDT", "side": "sell", "sz": "0.162201", "px": "44.27", "tradeId": "161232144", "ts": "1731429519354"}, {"instId": "OKB-USDT", "side": "buy", "sz": "0.542776", "px": "44.29", "tradeId": "161232147", "ts": "1731429526163"}, {"instId": "OKB-USDT", "side": "buy", "sz": "0.15", "px": "44.29", "tradeId": "161232146", "ts": "1731429526163"}, {"instId": "OKB-USDT", "side": "buy", "sz": "0.15", "px": "44.28", "tradeId": "161232145", "ts": "1731429526163"}, {"instId": "OKB-USDT", "side": "sell", "sz": "1.08139", "px": "44.27", "tradeId": "161232148", "ts": "1731429533338"}, {"instId": "OKB-USDT", "side": "sell", "sz": "0.649495", "px": "44.27", "tradeId": "161232150", "ts": "1731429533342"}, {"instId": "OKB-USDT", "side": "sell", "sz": "10.233478", "px": "44.27", "tradeId": "161232149", "ts": "1731429533342"}, {"instId": "OKB-USDT", "side": "sell", "sz": "0.15", "px": "44.26", "tradeId": "161232151", "ts": "1731429533346"}, {"instId": "OKB-USDT", "side": "buy", "sz": "1.559122", "px": "44.26", "tradeId": "161232152", "ts": "1731429541806"}, {"instId": "OKB-USDT", "side": "sell", "sz": "1.08139", "px": "44.25", "tradeId": "161232153", "ts": "1731429560927"}, {"instId": "OKB-USDT", "side": "sell", "sz": "0.15", "px": "44.24", "tradeId": "161232155", "ts": "1731429560931"}, {"instId": "OKB-USDT", "side": "sell", "sz": "1.077031", "px": "44.25", "tradeId": "161232154", "ts": "1731429560931"}, {"instId": "OKB-USDT", "side": "buy", "sz": "2.525872", "px": "44.28", "tradeId": "161232162", "ts": "1731429563088"}, {"instId": "OKB-USDT", "side": "buy", "sz": "0.15", "px": "44.28", "tradeId": "161232161", "ts": "1731429563088"}, {"instId": "OKB-USDT", "side": "buy", "sz": "0.15", "px": "44.28", "tradeId": "161232160", "ts": "1731429563088"}, {"instId": "OKB-USDT", "side": "buy", "sz": "0.15", "px": "44.27", "tradeId": "161232159", "ts": "1731429563088"}, {"instId": "OKB-USDT", "side": "buy", "sz": "1.872125", "px": "44.27", "tradeId": "161232158", "ts": "1731429563088"}, {"instId": "OKB-USDT", "side": "buy", "sz": "4.754105", "px": "44.26", "tradeId": "161232157", "ts": "1731429563088"}, {"instId": "OKB-USDT", "side": "buy", "sz": "1.693428", "px": "44.25", "tradeId": "161232156", "ts": "1731429563088"}, {"instId": "OKB-USDT", "side": "sell", "sz": "0.290172", "px": "44.23", "tradeId": "161232166", "ts": "1731429566884"}, {"instId": "OKB-USDT", "side": "sell", "sz": "0.15", "px": "44.23", "tradeId": "161232165", "ts": "1731429566884"}, {"instId": "OKB-USDT", "side": "sell", "sz": "0.15", "px": "44.24", "tradeId": "161232164", "ts": "1731429566884"}, {"instId": "OKB-USDT", "side": "sell", "sz": "2.127394", "px": "44.24", "tradeId": "161232163", "ts": "1731429566884"}, {"instId": "OKB-USDT", "side": "sell", "sz": "0.256941", "px": "44.21", "tradeId": "161232174", "ts": "1731429579612"}, {"instId": "OKB-USDT", "side": "sell", "sz": "0.15", "px": "44.21", "tradeId": "161232173", "ts": "1731429579612"}, {"instId": "OKB-USDT", "side": "sell", "sz": "0.15", "px": "44.22", "tradeId": "161232172", "ts": "1731429579612"}, {"instId": "OKB-USDT", "side": "sell", "sz": "0.15", "px": "44.22", "tradeId": "161232171", "ts": "1731429579612"}, {"instId": "OKB-USDT", "side": "sell", "sz": "0.15", "px": "44.23", "tradeId": "161232170", "ts": "1731429579612"}, {"instId": "OKB-USDT", "side": "sell", "sz": "0.358077", "px": "44.23", "tradeId": "161232169", "ts": "1731429579612"}, {"instId": "OKB-USDT", "side": "sell", "sz": "0.15", "px": "44.24", "tradeId": "161232168", "ts": "1731429579612"}, {"instId": "OKB-USDT", "side": "sell", "sz": "1.034981", "px": "44.24", "tradeId": "161232167", "ts": "1731429579612"}, {"instId": "OKB-USDT", "side": "sell", "sz": "1.899999", "px": "44.21", "tradeId": "161232175", "ts": "1731429580624"}, {"instId": "OKB-USDT", "side": "buy", "sz": "0.445649", "px": "44.25", "tradeId": "161232176", "ts": "1731429583705"}, {"instId": "OKB-USDT", "side": "sell", "sz": "0.249644", "px": "44.21", "tradeId": "161232177", "ts": "1731429589354"}, {"instId": "OKB-USDT", "side": "buy", "sz": "0.103905", "px": "44.26", "tradeId": "161232179", "ts": "1731429627459"}, {"instId": "OKB-USDT", "side": "buy", "sz": "0.15", "px": "44.25", "tradeId": "161232178", "ts": "1731429627459"}, {"instId": "OKB-USDT", "side": "buy", "sz": "0.046095", "px": "44.26", "tradeId": "161232180", "ts": "1731429628956"}, {"instId": "OKB-USDT", "side": "buy", "sz": "0.93139", "px": "44.28", "tradeId": "161232182", "ts": "1731429635106"}, {"instId": "OKB-USDT", "side": "buy", "sz": "0.15", "px": "44.28", "tradeId": "161232181", "ts": "1731429635106"}, {"instId": "OKB-USDT", "side": "buy", "sz": "1.692028", "px": "44.28", "tradeId": "161232184", "ts": "1731429635107"}, {"instId": "OKB-USDT", "side": "buy", "sz": "1.229169", "px": "44.28", "tradeId": "161232183", "ts": "1731429635107"}, {"instId": "OKB-USDT", "side": "buy", "sz": "0.15", "px": "44.29", "tradeId": "161232185", "ts": "1731429635108"}, {"instId": "OKB-USDT", "side": "buy", "sz": "0.15", "px": "44.3", "tradeId": "161232187", "ts": "1731429635111"}, {"instId": "OKB-USDT", "side": "buy", "sz": "0.15", "px": "44.3", "tradeId": "161232186", "ts": "1731429635111"}, {"instId": "OKB-USDT", "side": "buy", "sz": "0.15", "px": "44.31", "tradeId": "161232193", "ts": "1731429635115"}, {"instId": "OKB-USDT", "side": "buy", "sz": "3", "px": "44.31", "tradeId": "161232192", "ts": "1731429635115"}, {"instId": "OKB-USDT", "side": "buy", "sz": "2.6", "px": "44.31", "tradeId": "161232191", "ts": "1731429635115"}, {"instId": "OKB-USDT", "side": "buy", "sz": "5.08667", "px": "44.31", "tradeId": "161232190", "ts": "1731429635115"}, {"instId": "OKB-USDT", "side": "buy", "sz": "1.872969", "px": "44.31", "tradeId": "161232189", "ts": "1731429635115"}, {"instId": "OKB-USDT", "side": "buy", "sz": "1.227031", "px": "44.31", "tradeId": "161232188", "ts": "1731429635115"}, {"instId": "OKB-USDT", "side": "buy", "sz": "3.381532", "px": "44.32", "tradeId": "161232201", "ts": "1731429635119"}, {"instId": "OKB-USDT", "side": "buy", "sz": "3.7", "px": "44.32", "tradeId": "161232200", "ts": "1731429635119"}, {"instId": "OKB-USDT", "side": "buy", "sz": "3.7", "px": "44.32", "tradeId": "161232199", "ts": "1731429635119"}, {"instId": "OKB-USDT", "side": "buy", "sz": "5", "px": "44.32", "tradeId": "161232198", "ts": "1731429635119"}, {"instId": "OKB-USDT", "side": "buy", "sz": "0.15", "px": "44.32", "tradeId": "161232197", "ts": "1731429635119"}, {"instId": "OKB-USDT", "side": "buy", "sz": "0.15", "px": "44.32", "tradeId": "161232196", "ts": "1731429635119"}, {"instId": "OKB-USDT", "side": "buy", "sz": "1.132198", "px": "44.32", "tradeId": "161232195", "ts": "1731429635119"}, {"instId": "OKB-USDT", "side": "buy", "sz": "6.52337", "px": "44.32", "tradeId": "161232194", "ts": "1731429635119"}, {"instId": "OKB-USDT", "side": "buy", "sz": "3.7", "px": "44.33", "tradeId": "161232203", "ts": "1731429635124"}, {"instId": "OKB-USDT", "side": "buy", "sz": "0.15", "px": "44.33", "tradeId": "161232202", "ts": "1731429635124"}, {"instId": "OKB-USDT", "side": "buy", "sz": "0.15", "px": "44.34", "tradeId": "161232205", "ts": "1731429635126"}, {"instId": "OKB-USDT", "side": "buy", "sz": "0.15", "px": "44.34", "tradeId": "161232204", "ts": "1731429635126"}, {"instId": "OKB-USDT", "side": "buy", "sz": "0.232594", "px": "44.35", "tradeId": "161232210", "ts": "1731429637778"}, {"instId": "OKB-USDT", "side": "buy", "sz": "0.1383", "px": "44.35", "tradeId": "161232209", "ts": "1731429637778"}, {"instId": "OKB-USDT", "side": "buy", "sz": "0.235096", "px": "44.35", "tradeId": "161232208", "ts": "1731429637778"}, {"instId": "OKB-USDT", "side": "buy", "sz": "0.236375", "px": "44.35", "tradeId": "161232207", "ts": "1731429637778"}, {"instId": "OKB-USDT", "side": "buy", "sz": "0.239025", "px": "44.35", "tradeId": "161232206", "ts": "1731429637778"}, {"instId": "OKB-USDT", "side": "buy", "sz": "1.08139", "px": "44.35", "tradeId": "161232211", "ts": "1731429637784"}, {"instId": "OKB-USDT", "side": "buy", "sz": "0.850596", "px": "44.35", "tradeId": "161232212", "ts": "1731429637786"}, {"instId": "OKB-USDT", "side": "buy", "sz": "0.78139", "px": "44.36", "tradeId": "161232215", "ts": "1731429637790"}, {"instId": "OKB-USDT", "side": "buy", "sz": "0.15", "px": "44.36", "tradeId": "161232214", "ts": "1731429637790"}, {"instId": "OKB-USDT", "side": "buy", "sz": "0.15", "px": "44.36", "tradeId": "161232213", "ts": "1731429637790"}, {"instId": "OKB-USDT", "side": "buy", "sz": "0.907831", "px": "44.36", "tradeId": "161232216", "ts": "1731429637799"}, {"instId": "OKB-USDT", "side": "buy", "sz": "0.375568", "px": "44.37", "tradeId": "161232220", "ts": "1731429651663"}, {"instId": "OKB-USDT", "side": "buy", "sz": "0.105256", "px": "44.37", "tradeId": "161232219", "ts": "1731429651663"}, {"instId": "OKB-USDT", "side": "buy", "sz": "0.229604", "px": "44.37", "tradeId": "161232218", "ts": "1731429651663"}, {"instId": "OKB-USDT", "side": "buy", "sz": "0.403206", "px": "44.37", "tradeId": "161232217", "ts": "1731429651663"}, {"instId": "OKB-USDT", "side": "sell", "sz": "0.080449", "px": "44.35", "tradeId": "161232222", "ts": "1731429661354"}, {"instId": "OKB-USDT", "side": "sell", "sz": "0.136951", "px": "44.36", "tradeId": "161232221", "ts": "1731429661354"}, {"instId": "OKB-USDT", "side": "sell", "sz": "0.375652", "px": "44.34", "tradeId": "161232224", "ts": "1731429666654"}, {"instId": "OKB-USDT", "side": "sell", "sz": "0.069551", "px": "44.35", "tradeId": "161232223", "ts": "1731429666654"}, {"instId": "OKB-USDT", "side": "sell", "sz": "0.017922", "px": "44.34", "tradeId": "161232226", "ts": "1731429707854"}, {"instId": "OKB-USDT", "side": "sell", "sz": "0.15", "px": "44.35", "tradeId": "161232225", "ts": "1731429707854"}, {"instId": "OKB-USDT", "side": "buy", "sz": "0.807705", "px": "44.37", "tradeId": "161232228", "ts": "1731429708930"}, {"instId": "OKB-USDT", "side": "buy", "sz": "0.273685", "px": "44.37", "tradeId": "161232227", "ts": "1731429708930"}, {"instId": "OKB-USDT", "side": "buy", "sz": "0.88094", "px": "44.37", "tradeId": "161232229", "ts": "1731429708996"}, {"instId": "OKB-USDT", "side": "buy", "sz": "0.277281", "px": "44.38", "tradeId": "161232231", "ts": "1731429709803"}, {"instId": "OKB-USDT", "side": "buy", "sz": "0.000007", "px": "44.37", "tradeId": "161232230", "ts": "1731429709803"}, {"instId": "OKB-USDT", "side": "buy", "sz": "1.12551", "px": "44.38", "tradeId": "161232232", "ts": "1731429718242"}, {"instId": "OKB-USDT", "side": "buy", "sz": "1.12554", "px": "44.38", "tradeId": "161232233", "ts": "1731429727773"}, {"instId": "OKB-USDT", "side": "buy", "sz": "0.00093", "px": "44.37", "tradeId": "161232235", "ts": "1731429750708"}, {"instId": "OKB-USDT", "side": "buy", "sz": "1.125703", "px": "44.37", "tradeId": "161232234", "ts": "1731429750708"}, {"instId": "OKB-USDT", "side": "sell", "sz": "0.108643", "px": "44.36", "tradeId": "161232237", "ts": "1731429751354"}, {"instId": "OKB-USDT", "side": "sell", "sz": "0.15", "px": "44.36", "tradeId": "161232236", "ts": "1731429751354"}, {"instId": "OKB-USDT", "side": "buy", "sz": "0.450755", "px": "44.37", "tradeId": "161232238", "ts": "1731429760654"}, {"instId": "OKB-USDT", "side": "buy", "sz": "1.125737", "px": "44.37", "tradeId": "161232240", "ts": "1731429765556"}, {"instId": "OKB-USDT", "side": "buy", "sz": "0.034101", "px": "44.37", "tradeId": "161232239", "ts": "1731429765556"}, {"instId": "OKB-USDT", "side": "buy", "sz": "0.823001", "px": "44.38", "tradeId": "161232242", "ts": "1731429765567"}, {"instId": "OKB-USDT", "side": "buy", "sz": "0.000002", "px": "44.38", "tradeId": "161232241", "ts": "1731429765567"}, {"instId": "OKB-USDT", "side": "buy", "sz": "4.7", "px": "44.39", "tradeId": "161232249", "ts": "1731429765580"}, {"instId": "OKB-USDT", "side": "buy", "sz": "3.7", "px": "44.39", "tradeId": "161232248", "ts": "1731429765580"}, {"instId": "OKB-USDT", "side": "buy", "sz": "0.288935", "px": "44.39", "tradeId": "161232247", "ts": "1731429765580"}, {"instId": "OKB-USDT", "side": "buy", "sz": "0.138679", "px": "44.39", "tradeId": "161232246", "ts": "1731429765580"}, {"instId": "OKB-USDT", "side": "buy", "sz": "1.129688", "px": "44.39", "tradeId": "161232245", "ts": "1731429765580"}, {"instId": "OKB-USDT", "side": "buy", "sz": "0.278887", "px": "44.39", "tradeId": "161232244", "ts": "1731429765580"}, {"instId": "OKB-USDT", "side": "buy", "sz": "0.242563", "px": "44.39", "tradeId": "161232243", "ts": "1731429765580"}, {"instId": "OKB-USDT", "side": "sell", "sz": "8.887351", "px": "44.38", "tradeId": "161232252", "ts": "1731429770880"}, {"instId": "OKB-USDT", "side": "sell", "sz": "3", "px": "44.38", "tradeId": "161232251", "ts": "1731429770880"}, {"instId": "OKB-USDT", "side": "sell", "sz": "0.299997", "px": "44.38", "tradeId": "161232250", "ts": "1731429770880"}, {"instId": "OKB-USDT", "side": "buy", "sz": "1.1254", "px": "44.38", "tradeId": "161232253", "ts": "1731429774637"}, {"instId": "OKB-USDT", "side": "buy", "sz": "1.12545", "px": "44.38", "tradeId": "161232255", "ts": "1731429775257"}, {"instId": "OKB-USDT", "side": "buy", "sz": "0.00005", "px": "44.38", "tradeId": "161232254", "ts": "1731429775257"}, {"instId": "OKB-USDT", "side": "buy", "sz": "1.12545", "px": "44.38", "tradeId": "161232256", "ts": "1731429775887"}, {"instId": "OKB-USDT", "side": "buy", "sz": "1.12545", "px": "44.38", "tradeId": "161232257", "ts": "1731429776977"}, {"instId": "OKB-USDT", "side": "buy", "sz": "1.1254", "px": "44.38", "tradeId": "161232258", "ts": "1731429777507"}, {"instId": "OKB-USDT", "side": "buy", "sz": "0.486036", "px": "44.39", "tradeId": "161232261", "ts": "1731429777870"}, {"instId": "OKB-USDT", "side": "buy", "sz": "16.719414", "px": "44.39", "tradeId": "161232260", "ts": "1731429777870"}, {"instId": "OKB-USDT", "side": "buy", "sz": "0.00005", "px": "44.38", "tradeId": "161232259", "ts": "1731429777870"}, {"instId": "OKB-USDT", "side": "buy", "sz": "2.119485", "px": "44.4", "tradeId": "161232274", "ts": "1731429777874"}, {"instId": "OKB-USDT", "side": "buy", "sz": "0.141781", "px": "44.4", "tradeId": "161232273", "ts": "1731429777874"}, {"instId": "OKB-USDT", "side": "buy", "sz": "0.812621", "px": "44.4", "tradeId": "161232272", "ts": "1731429777874"}, {"instId": "OKB-USDT", "side": "buy", "sz": "0.227503", "px": "44.4", "tradeId": "161232271", "ts": "1731429777874"}, {"instId": "OKB-USDT", "side": "buy", "sz": "0.666366", "px": "44.4", "tradeId": "161232270", "ts": "1731429777874"}, {"instId": "OKB-USDT", "side": "buy", "sz": "30.141707", "px": "44.4", "tradeId": "161232269", "ts": "1731429777874"}, {"instId": "OKB-USDT", "side": "buy", "sz": "0.125058", "px": "44.4", "tradeId": "161232268", "ts": "1731429777874"}, {"instId": "OKB-USDT", "side": "buy", "sz": "0.110444", "px": "44.4", "tradeId": "161232267", "ts": "1731429777874"}, {"instId": "OKB-USDT", "side": "buy", "sz": "10.118011", "px": "44.4", "tradeId": "161232266", "ts": "1731429777874"}, {"instId": "OKB-USDT", "side": "buy", "sz": "5.191277", "px": "44.4", "tradeId": "161232265", "ts": "1731429777874"}, {"instId": "OKB-USDT", "side": "buy", "sz": "0.112763", "px": "44.4", "tradeId": "161232264", "ts": "1731429777874"}, {"instId": "OKB-USDT", "side": "buy", "sz": "0.101563", "px": "44.4", "tradeId": "161232263", "ts": "1731429777874"}, {"instId": "OKB-USDT", "side": "buy", "sz": "0.000021", "px": "44.39", "tradeId": "161232262", "ts": "1731429777874"}, {"instId": "OKB-USDT", "side": "buy", "sz": "5", "px": "44.4", "tradeId": "161232279", "ts": "1731429777879"}, {"instId": "OKB-USDT", "side": "buy", "sz": "3.7", "px": "44.4", "tradeId": "161232278", "ts": "1731429777879"}, {"instId": "OKB-USDT", "side": "buy", "sz": "0.15", "px": "44.4", "tradeId": "161232277", "ts": "1731429777879"}, {"instId": "OKB-USDT", "side": "buy", "sz": "0.15", "px": "44.4", "tradeId": "161232276", "ts": "1731429777879"}, {"instId": "OKB-USDT", "side": "buy", "sz": "2.580515", "px": "44.4", "tradeId": "161232275", "ts": "1731429777879"}, {"instId": "OKB-USDT", "side": "buy", "sz": "2.499926", "px": "44.41", "tradeId": "161232289", "ts": "1731429777884"}, {"instId": "OKB-USDT", "side": "buy", "sz": "2.249396", "px": "44.41", "tradeId": "161232288", "ts": "1731429777884"}, {"instId": "OKB-USDT", "side": "buy", "sz": "2.5", "px": "44.41", "tradeId": "161232287", "ts": "1731429777884"}, {"instId": "OKB-USDT", "side": "buy", "sz": "4.560319", "px": "44.41", "tradeId": "161232286", "ts": "1731429777884"}, {"instId": "OKB-USDT", "side": "buy", "sz": "0.15", "px": "44.41", "tradeId": "161232285", "ts": "1731429777884"}, {"instId": "OKB-USDT", "side": "buy", "sz": "2.2", "px": "44.41", "tradeId": "161232284", "ts": "1731429777884"}, {"instId": "OKB-USDT", "side": "buy", "sz": "0.192461", "px": "44.41", "tradeId": "161232283", "ts": "1731429777884"}, {"instId": "OKB-USDT", "side": "buy", "sz": "0.12133", "px": "44.41", "tradeId": "161232282", "ts": "1731429777884"}, {"instId": "OKB-USDT", "side": "buy", "sz": "0.168625", "px": "44.41", "tradeId": "161232281", "ts": "1731429777884"}, {"instId": "OKB-USDT", "side": "buy", "sz": "0.172543", "px": "44.41", "tradeId": "161232280", "ts": "1731429777884"}, {"instId": "OKB-USDT", "side": "buy", "sz": "0.276514", "px": "44.41", "tradeId": "161232290", "ts": "1731429798468"}, {"instId": "OKB-USDT", "side": "buy", "sz": "0.284541", "px": "44.41", "tradeId": "161232292", "ts": "1731429802663"}, {"instId": "OKB-USDT", "side": "buy", "sz": "0.84832", "px": "44.41", "tradeId": "161232291", "ts": "1731429802663"}, {"instId": "OKB-USDT", "side": "sell", "sz": "0.037975", "px": "44.39", "tradeId": "161232294", "ts": "1731429805354"}, {"instId": "OKB-USDT", "side": "sell", "sz": "0.15", "px": "44.39", "tradeId": "161232293", "ts": "1731429805354"}, {"instId": "OKB-USDT", "side": "buy", "sz": "1.245946", "px": "44.42", "tradeId": "161232303", "ts": "1731429808608"}, {"instId": "OKB-USDT", "side": "buy", "sz": "0.15", "px": "44.42", "tradeId": "161232302", "ts": "1731429808608"}, {"instId": "OKB-USDT", "side": "buy", "sz": "0.15", "px": "44.42", "tradeId": "161232301", "ts": "1731429808608"}, {"instId": "OKB-USDT", "side": "buy", "sz": "0.102597", "px": "44.42", "tradeId": "161232300", "ts": "1731429808608"}, {"instId": "OKB-USDT", "side": "buy", "sz": "1.132198", "px": "44.42", "tradeId": "161232299", "ts": "1731429808608"}, {"instId": "OKB-USDT", "side": "buy", "sz": "0.193841", "px": "44.42", "tradeId": "161232298", "ts": "1731429808608"}, {"instId": "OKB-USDT", "side": "buy", "sz": "6.52337", "px": "44.42", "tradeId": "161232297", "ts": "1731429808608"}, {"instId": "OKB-USDT", "side": "buy", "sz": "1.124755", "px": "44.41", "tradeId": "161232296", "ts": "1731429808608"}, {"instId": "OKB-USDT", "side": "buy", "sz": "1.872339", "px": "44.41", "tradeId": "161232295", "ts": "1731429808608"}, {"instId": "OKB-USDT", "side": "buy", "sz": "0.192136", "px": "44.46", "tradeId": "161232331", "ts": "1731429810792"}, {"instId": "OKB-USDT", "side": "buy", "sz": "3", "px": "44.46", "tradeId": "161232330", "ts": "1731429810792"}, {"instId": "OKB-USDT", "side": "buy", "sz": "4", "px": "44.46", "tradeId": "161232329", "ts": "1731429810792"}, {"instId": "OKB-USDT", "side": "buy", "sz": "0.15", "px": "44.46", "tradeId": "161232328", "ts": "1731429810792"}, {"instId": "OKB-USDT", "side": "buy", "sz": "0.15", "px": "44.46", "tradeId": "161232327", "ts": "1731429810792"}, {"instId": "OKB-USDT", "side": "buy", "sz": "0.105658", "px": "44.46", "tradeId": "161232326", "ts": "1731429810792"}, {"instId": "OKB-USDT", "side": "buy", "sz": "0.102676", "px": "44.46", "tradeId": "161232325", "ts": "1731429810792"}, {"instId": "OKB-USDT", "side": "buy", "sz": "0.15", "px": "44.45", "tradeId": "161232324", "ts": "1731429810792"}, {"instId": "OKB-USDT", "side": "buy", "sz": "0.12693", "px": "44.45", "tradeId": "161232323", "ts": "1731429810792"}, {"instId": "OKB-USDT", "side": "buy", "sz": "0.303359", "px": "44.45", "tradeId": "161232322", "ts": "1731429810792"}, {"instId": "OKB-USDT", "side": "buy", "sz": "1.085828", "px": "44.45", "tradeId": "161232321", "ts": "1731429810792"}, {"instId": "OKB-USDT", "side": "buy", "sz": "4.7", "px": "44.45", "tradeId": "161232320", "ts": "1731429810792"}, {"instId": "OKB-USDT", "side": "buy", "sz": "5", "px": "44.45", "tradeId": "161232319", "ts": "1731429810792"}, {"instId": "OKB-USDT", "side": "buy", "sz": "0.530859", "px": "44.45", "tradeId": "161232318", "ts": "1731429810792"}, {"instId": "OKB-USDT", "side": "buy", "sz": "6.409388", "px": "44.45", "tradeId": "161232317", "ts": "1731429810792"}, {"instId": "OKB-USDT", "side": "buy", "sz": "0.288448", "px": "44.44", "tradeId": "161232316", "ts": "1731429810792"}, {"instId": "OKB-USDT", "side": "buy", "sz": "2.5", "px": "44.44", "tradeId": "161232315", "ts": "1731429810792"}, {"instId": "OKB-USDT", "side": "buy", "sz": "7.003909", "px": "44.44", "tradeId": "161232314", "ts": "1731429810792"}, {"instId": "OKB-USDT", "side": "buy", "sz": "0.15", "px": "44.44", "tradeId": "161232313", "ts": "1731429810792"}, {"instId": "OKB-USDT", "side": "buy", "sz": "0.15", "px": "44.44", "tradeId": "161232312", "ts": "1731429810792"}, {"instId": "OKB-USDT", "side": "buy", "sz": "0.105785", "px": "44.44", "tradeId": "161232311", "ts": "1731429810792"}, {"instId": "OKB-USDT", "side": "buy", "sz": "4.7", "px": "44.44", "tradeId": "161232310", "ts": "1731429810792"}, {"instId": "OKB-USDT", "side": "buy", "sz": "0.34702", "px": "44.44", "tradeId": "161232309", "ts": "1731429810792"}, {"instId": "OKB-USDT", "side": "buy", "sz": "0.15", "px": "44.43", "tradeId": "161232308", "ts": "1731429810792"}, {"instId": "OKB-USDT", "side": "buy", "sz": "0.101326", "px": "44.43", "tradeId": "161232307", "ts": "1731429810792"}, {"instId": "OKB-USDT", "side": "buy", "sz": "0.104886", "px": "44.43", "tradeId": "161232306", "ts": "1731429810792"}, {"instId": "OKB-USDT", "side": "buy", "sz": "0.646623", "px": "44.42", "tradeId": "161232305", "ts": "1731429810792"}, {"instId": "OKB-USDT", "side": "buy", "sz": "1.454054", "px": "44.42", "tradeId": "161232304", "ts": "1731429810792"}, {"instId": "OKB-USDT", "side": "sell", "sz": "0.137474", "px": "44.47", "tradeId": "161232332", "ts": "1731429810800"}, {"instId": "OKB-USDT", "side": "sell", "sz": "0.103983", "px": "44.47", "tradeId": "161232333", "ts": "1731429810801"}, {"instId": "OKB-USDT", "side": "sell", "sz": "0.104084", "px": "44.47", "tradeId": "161232334", "ts": "1731429810802"}, {"instId": "OKB-USDT", "side": "buy", "sz": "0.015857", "px": "44.48", "tradeId": "161232338", "ts": "1731429820875"}, {"instId": "OKB-USDT", "side": "buy", "sz": "0.239025", "px": "44.48", "tradeId": "161232337", "ts": "1731429820875"}, {"instId": "OKB-USDT", "side": "buy", "sz": "0.236375", "px": "44.48", "tradeId": "161232336", "ts": "1731429820875"}, {"instId": "OKB-USDT", "side": "buy", "sz": "0.235096", "px": "44.48", "tradeId": "161232335", "ts": "1731429820875"}, {"instId": "OKB-USDT", "side": "buy", "sz": "1.12294", "px": "44.48", "tradeId": "161232343", "ts": "1731429823048"}, {"instId": "OKB-USDT", "side": "buy", "sz": "2.157815", "px": "44.48", "tradeId": "161232342", "ts": "1731429823048"}, {"instId": "OKB-USDT", "side": "buy", "sz": "0.222818", "px": "44.48", "tradeId": "161232341", "ts": "1731429823048"}, {"instId": "OKB-USDT", "side": "buy", "sz": "0.754533", "px": "44.48", "tradeId": "161232340", "ts": "1731429823048"}, {"instId": "OKB-USDT", "side": "buy", "sz": "0.185444", "px": "44.48", "tradeId": "161232339", "ts": "1731429823048"}, {"instId": "OKB-USDT", "side": "buy", "sz": "0.000001", "px": "44.48", "tradeId": "161232344", "ts": "1731429831436"}, {"instId": "OKB-USDT", "side": "buy", "sz": "0.287962", "px": "44.49", "tradeId": "161232349", "ts": "1731429831447"}, {"instId": "OKB-USDT", "side": "buy", "sz": "0.138166", "px": "44.49", "tradeId": "161232348", "ts": "1731429831447"}, {"instId": "OKB-USDT", "side": "buy", "sz": "1.267818", "px": "44.49", "tradeId": "161232347", "ts": "1731429831447"}, {"instId": "OKB-USDT", "side": "buy", "sz": "0.275624", "px": "44.49", "tradeId": "161232346", "ts": "1731429831447"}, {"instId": "OKB-USDT", "side": "buy", "sz": "0.18154", "px": "44.49", "tradeId": "161232345", "ts": "1731429831447"}, {"instId": "OKB-USDT", "side": "buy", "sz": "3.7", "px": "44.5", "tradeId": "161232372", "ts": "1731429831460"}, {"instId": "OKB-USDT", "side": "buy", "sz": "0.174414", "px": "44.5", "tradeId": "161232371", "ts": "1731429831460"}, {"instId": "OKB-USDT", "side": "buy", "sz": "0.172461", "px": "44.5", "tradeId": "161232370", "ts": "1731429831460"}, {"instId": "OKB-USDT", "side": "buy", "sz": "0.168564", "px": "44.5", "tradeId": "161232369", "ts": "1731429831460"}, {"instId": "OKB-USDT", "side": "buy", "sz": "1.058754", "px": "44.5", "tradeId": "161232368", "ts": "1731429831460"}, {"instId": "OKB-USDT", "side": "buy", "sz": "0.111641", "px": "44.5", "tradeId": "161232367", "ts": "1731429831460"}, {"instId": "OKB-USDT", "side": "buy", "sz": "0.501807", "px": "44.5", "tradeId": "161232366", "ts": "1731429831460"}, {"instId": "OKB-USDT", "side": "buy", "sz": "3.442985", "px": "44.5", "tradeId": "161232365", "ts": "1731429831460"}, {"instId": "OKB-USDT", "side": "buy", "sz": "0.280198", "px": "44.5", "tradeId": "161232364", "ts": "1731429831460"}, {"instId": "OKB-USDT", "side": "buy", "sz": "0.153943", "px": "44.5", "tradeId": "161232363", "ts": "1731429831460"}, {"instId": "OKB-USDT", "side": "buy", "sz": "0.107569", "px": "44.5", "tradeId": "161232362", "ts": "1731429831460"}, {"instId": "OKB-USDT", "side": "buy", "sz": "0.582585", "px": "44.5", "tradeId": "161232361", "ts": "1731429831460"}, {"instId": "OKB-USDT", "side": "buy", "sz": "0.249887", "px": "44.5", "tradeId": "161232360", "ts": "1731429831460"}, {"instId": "OKB-USDT", "side": "buy", "sz": "1.178162", "px": "44.5", "tradeId": "161232359", "ts": "1731429831460"}, {"instId": "OKB-USDT", "side": "buy", "sz": "10.626321", "px": "44.5", "tradeId": "161232358", "ts": "1731429831460"}, {"instId": "OKB-USDT", "side": "buy", "sz": "0.286864", "px": "44.5", "tradeId": "161232357", "ts": "1731429831460"}, {"instId": "OKB-USDT", "side": "buy", "sz": "0.41152", "px": "44.5", "tradeId": "161232356", "ts": "1731429831460"}, {"instId": "OKB-USDT", "side": "buy", "sz": "0.115752", "px": "44.5", "tradeId": "161232355", "ts": "1731429831460"}, {"instId": "OKB-USDT", "side": "buy", "sz": "0.403206", "px": "44.5", "tradeId": "161232354", "ts": "1731429831460"}, {"instId": "OKB-USDT", "side": "buy", "sz": "17.1463", "px": "44.5", "tradeId": "161232353", "ts": "1731429831460"}, {"instId": "OKB-USDT", "side": "buy", "sz": "0.17755", "px": "44.5", "tradeId": "161232352", "ts": "1731429831460"}, {"instId": "OKB-USDT", "side": "buy", "sz": "2.245216", "px": "44.5", "tradeId": "161232351", "ts": "1731429831460"}, {"instId": "OKB-USDT", "side": "buy", "sz": "0.229604", "px": "44.5", "tradeId": "161232350", "ts": "1731429831460"}, {"instId": "OKB-USDT", "side": "buy", "sz": "0.15", "px": "44.6", "tradeId": "161232463", "ts": "1731429837698"}, {"instId": "OKB-USDT", "side": "buy", "sz": "0.15", "px": "44.6", "tradeId": "161232462", "ts": "1731429837698"}, {"instId": "OKB-USDT", "side": "buy", "sz": "0.333183", "px": "44.6", "tradeId": "161232461", "ts": "1731429837698"}, {"instId": "OKB-USDT", "side": "buy", "sz": "201.306323", "px": "44.6", "tradeId": "161232460", "ts": "1731429837698"}, {"instId": "OKB-USDT", "side": "buy", "sz": "0.241254", "px": "44.6", "tradeId": "161232459", "ts": "1731429837698"}, {"instId": "OKB-USDT", "side": "buy", "sz": "0.201046", "px": "44.6", "tradeId": "161232458", "ts": "1731429837698"}, {"instId": "OKB-USDT", "side": "buy", "sz": "0.593147", "px": "44.6", "tradeId": "161232457", "ts": "1731429837698"}, {"instId": "OKB-USDT", "side": "buy", "sz": "3.783285", "px": "44.6", "tradeId": "161232456", "ts": "1731429837698"}, {"instId": "OKB-USDT", "side": "buy", "sz": "0.226917", "px": "44.6", "tradeId": "161232455", "ts": "1731429837698"}, {"instId": "OKB-USDT", "side": "buy", "sz": "0.138679", "px": "44.6", "tradeId": "161232454", "ts": "1731429837698"}, {"instId": "OKB-USDT", "side": "buy", "sz": "0.10285", "px": "44.6", "tradeId": "161232453", "ts": "1731429837698"}, {"instId": "OKB-USDT", "side": "buy", "sz": "2.084219", "px": "44.6", "tradeId": "161232452", "ts": "1731429837698"}, {"instId": "OKB-USDT", "side": "buy", "sz": "5.191277", "px": "44.6", "tradeId": "161232451", "ts": "1731429837698"}, {"instId": "OKB-USDT", "side": "buy", "sz": "10.118011", "px": "44.6", "tradeId": "161232450", "ts": "1731429837698"}, {"instId": "OKB-USDT", "side": "buy", "sz": "0.112763", "px": "44.6", "tradeId": "161232449", "ts": "1731429837698"}, {"instId": "OKB-USDT", "side": "buy", "sz": "5", "px": "44.6", "tradeId": "161232448", "ts": "1731429837698"}, {"instId": "OKB-USDT", "side": "buy", "sz": "0.530859", "px": "44.6", "tradeId": "161232447", "ts": "1731429837698"}, {"instId": "OKB-USDT", "side": "buy", "sz": "0.34702", "px": "44.6", "tradeId": "161232446", "ts": "1731429837698"}, {"instId": "OKB-USDT", "side": "buy", "sz": "0.193841", "px": "44.6", "tradeId": "161232445", "ts": "1731429837698"}, {"instId": "OKB-USDT", "side": "buy", "sz": "0.15", "px": "44.59", "tradeId": "161232444", "ts": "1731429837698"}, {"instId": "OKB-USDT", "side": "buy", "sz": "69.196402", "px": "44.59", "tradeId": "161232443", "ts": "1731429837698"}, {"instId": "OKB-USDT", "side": "buy", "sz": "0.103845", "px": "44.59", "tradeId": "161232442", "ts": "1731429837698"}, {"instId": "OKB-USDT", "side": "buy", "sz": "6.453575", "px": "44.59", "tradeId": "161232441", "ts": "1731429837698"}, {"instId": "OKB-USDT", "side": "buy", "sz": "0.103855", "px": "44.59", "tradeId": "161232440", "ts": "1731429837698"}, {"instId": "OKB-USDT", "side": "buy", "sz": "0.100131", "px": "44.59", "tradeId": "161232439", "ts": "1731429837698"}, {"instId": "OKB-USDT", "side": "buy", "sz": "8.803906", "px": "44.59", "tradeId": "161232438", "ts": "1731429837698"}, {"instId": "OKB-USDT", "side": "buy", "sz": "0.168625", "px": "44.59", "tradeId": "161232437", "ts": "1731429837698"}, {"instId": "OKB-USDT", "side": "buy", "sz": "4.765181", "px": "44.58", "tradeId": "161232436", "ts": "1731429837698"}, {"instId": "OKB-USDT", "side": "buy", "sz": "4", "px": "44.58", "tradeId": "161232435", "ts": "1731429837698"}, {"instId": "OKB-USDT", "side": "buy", "sz": "0.15", "px": "44.58", "tradeId": "161232434", "ts": "1731429837698"}, {"instId": "OKB-USDT", "side": "buy", "sz": "0.15", "px": "44.58", "tradeId": "161232433", "ts": "1731429837698"}, {"instId": "OKB-USDT", "side": "buy", "sz": "1.490313", "px": "44.58", "tradeId": "161232432", "ts": "1731429837698"}, {"instId": "OKB-USDT", "side": "buy", "sz": "4.483513", "px": "44.57", "tradeId": "161232431", "ts": "1731429837698"}, {"instId": "OKB-USDT", "side": "buy", "sz": "2.24149", "px": "44.57", "tradeId": "161232430", "ts": "1731429837698"}, {"instId": "OKB-USDT", "side": "buy", "sz": "4", "px": "44.57", "tradeId": "161232429", "ts": "1731429837698"}, {"instId": "OKB-USDT", "side": "buy", "sz": "0.15", "px": "44.57", "tradeId": "161232428", "ts": "1731429837698"}, {"instId": "OKB-USDT", "side": "buy", "sz": "0.345569", "px": "44.57", "tradeId": "161232427", "ts": "1731429837698"}, {"instId": "OKB-USDT", "side": "buy", "sz": "0.100764", "px": "44.57", "tradeId": "161232426", "ts": "1731429837698"}, {"instId": "OKB-USDT", "side": "buy", "sz": "6.99", "px": "44.57", "tradeId": "161232425", "ts": "1731429837698"}, {"instId": "OKB-USDT", "side": "buy", "sz": "0.19279", "px": "44.57", "tradeId": "161232424", "ts": "1731429837698"}, {"instId": "OKB-USDT", "side": "buy", "sz": "0.104886", "px": "44.57", "tradeId": "161232423", "ts": "1731429837698"}, {"instId": "OKB-USDT", "side": "buy", "sz": "5.582704", "px": "44.56", "tradeId": "161232422", "ts": "1731429837698"}, {"instId": "OKB-USDT", "side": "buy", "sz": "0.15", "px": "44.56", "tradeId": "161232421", "ts": "1731429837698"}, {"instId": "OKB-USDT", "side": "buy", "sz": "4", "px": "44.56", "tradeId": "161232420", "ts": "1731429837698"}, {"instId": "OKB-USDT", "side": "buy", "sz": "0.15", "px": "44.56", "tradeId": "161232419", "ts": "1731429837698"}, {"instId": "OKB-USDT", "side": "buy", "sz": "0.112367", "px": "44.56", "tradeId": "161232418", "ts": "1731429837698"}, {"instId": "OKB-USDT", "side": "buy", "sz": "0.210018", "px": "44.56", "tradeId": "161232417", "ts": "1731429837698"}, {"instId": "OKB-USDT", "side": "buy", "sz": "3.41486", "px": "44.56", "tradeId": "161232416", "ts": "1731429837698"}, {"instId": "OKB-USDT", "side": "buy", "sz": "0.175976", "px": "44.56", "tradeId": "161232415", "ts": "1731429837698"}, {"instId": "OKB-USDT", "side": "buy", "sz": "1.12134", "px": "44.55", "tradeId": "161232414", "ts": "1731429837698"}, {"instId": "OKB-USDT", "side": "buy", "sz": "0.15", "px": "44.55", "tradeId": "161232413", "ts": "1731429837698"}, {"instId": "OKB-USDT", "side": "buy", "sz": "0.101563", "px": "44.55", "tradeId": "161232412", "ts": "1731429837698"}, {"instId": "OKB-USDT", "side": "buy", "sz": "0.503422", "px": "44.55", "tradeId": "161232411", "ts": "1731429837698"}, {"instId": "OKB-USDT", "side": "buy", "sz": "0.172543", "px": "44.55", "tradeId": "161232410", "ts": "1731429837698"}, {"instId": "OKB-USDT", "side": "buy", "sz": "0.15", "px": "44.54", "tradeId": "161232409", "ts": "1731429837698"}, {"instId": "OKB-USDT", "side": "buy", "sz": "0.15", "px": "44.54", "tradeId": "161232408", "ts": "1731429837698"}, {"instId": "OKB-USDT", "side": "buy", "sz": "0.10018", "px": "44.54", "tradeId": "161232407", "ts": "1731429837698"}, {"instId": "OKB-USDT", "side": "buy", "sz": "0.7392", "px": "44.54", "tradeId": "161232406", "ts": "1731429837698"}, {"instId": "OKB-USDT", "side": "buy", "sz": "0.100243", "px": "44.54", "tradeId": "161232405", "ts": "1731429837698"}, {"instId": "OKB-USDT", "side": "buy", "sz": "1.126577", "px": "44.54", "tradeId": "161232404", "ts": "1731429837698"}, {"instId": "OKB-USDT", "side": "buy", "sz": "3.7", "px": "44.53", "tradeId": "161232403", "ts": "1731429837698"}, {"instId": "OKB-USDT", "side": "buy", "sz": "4", "px": "44.53", "tradeId": "161232402", "ts": "1731429837698"}, {"instId": "OKB-USDT", "side": "buy", "sz": "4", "px": "44.53", "tradeId": "161232401", "ts": "1731429837698"}, {"instId": "OKB-USDT", "side": "buy", "sz": "0.15", "px": "44.53", "tradeId": "161232400", "ts": "1731429837698"}, {"instId": "OKB-USDT", "side": "buy", "sz": "1.266109", "px": "44.53", "tradeId": "161232399", "ts": "1731429837698"}, {"instId": "OKB-USDT", "side": "buy", "sz": "0.194251", "px": "44.53", "tradeId": "161232398", "ts": "1731429837698"}, {"instId": "OKB-USDT", "side": "buy", "sz": "0.282548", "px": "44.53", "tradeId": "161232397", "ts": "1731429837698"}, {"instId": "OKB-USDT", "side": "buy", "sz": "0.1356", "px": "44.53", "tradeId": "161232396", "ts": "1731429837698"}, {"instId": "OKB-USDT", "side": "buy", "sz": "0.278887", "px": "44.53", "tradeId": "161232395", "ts": "1731429837698"}, {"instId": "OKB-USDT", "side": "buy", "sz": "8.56241", "px": "44.53", "tradeId": "161232394", "ts": "1731429837698"}, {"instId": "OKB-USDT", "side": "buy", "sz": "0.105256", "px": "44.53", "tradeId": "161232393", "ts": "1731429837698"}, {"instId": "OKB-USDT", "side": "buy", "sz": "0.174543", "px": "44.53", "tradeId": "161232392", "ts": "1731429837698"}, {"instId": "OKB-USDT", "side": "buy", "sz": "1.02427", "px": "44.53", "tradeId": "161232391", "ts": "1731429837698"}, {"instId": "OKB-USDT", "side": "buy", "sz": "4.7", "px": "44.52", "tradeId": "161232390", "ts": "1731429837698"}, {"instId": "OKB-USDT", "side": "buy", "sz": "4.852162", "px": "44.52", "tradeId": "161232389", "ts": "1731429837698"}, {"instId": "OKB-USDT", "side": "buy", "sz": "5", "px": "44.52", "tradeId": "161232388", "ts": "1731429837698"}, {"instId": "OKB-USDT", "side": "buy", "sz": "2.7", "px": "44.52", "tradeId": "161232387", "ts": "1731429837698"}, {"instId": "OKB-USDT", "side": "buy", "sz": "0.15", "px": "44.52", "tradeId": "161232386", "ts": "1731429837698"}, {"instId": "OKB-USDT", "side": "buy", "sz": "0.15", "px": "44.52", "tradeId": "161232385", "ts": "1731429837698"}, {"instId": "OKB-USDT", "side": "buy", "sz": "0.162265", "px": "44.52", "tradeId": "161232384", "ts": "1731429837698"}, {"instId": "OKB-USDT", "side": "buy", "sz": "1.125478", "px": "44.52", "tradeId": "161232383", "ts": "1731429837698"}, {"instId": "OKB-USDT", "side": "buy", "sz": "0.238807", "px": "44.52", "tradeId": "161232382", "ts": "1731429837698"}, {"instId": "OKB-USDT", "side": "buy", "sz": "0.277281", "px": "44.52", "tradeId": "161232381", "ts": "1731429837698"}, {"instId": "OKB-USDT", "side": "buy", "sz": "0.103681", "px": "44.52", "tradeId": "161232380", "ts": "1731429837698"}, {"instId": "OKB-USDT", "side": "buy", "sz": "1.132198", "px": "44.52", "tradeId": "161232379", "ts": "1731429837698"}, {"instId": "OKB-USDT", "side": "buy", "sz": "5.358769", "px": "44.52", "tradeId": "161232378", "ts": "1731429837698"}, {"instId": "OKB-USDT", "side": "buy", "sz": "0.561094", "px": "44.51", "tradeId": "161232377", "ts": "1731429837698"}, {"instId": "OKB-USDT", "side": "buy", "sz": "0.647545", "px": "44.51", "tradeId": "161232376", "ts": "1731429837698"}, {"instId": "OKB-USDT", "side": "buy", "sz": "0.191812", "px": "44.51", "tradeId": "161232375", "ts": "1731429837698"}, {"instId": "OKB-USDT", "side": "buy", "sz": "5.5928", "px": "44.51", "tradeId": "161232374", "ts": "1731429837698"}, {"instId": "OKB-USDT", "side": "buy", "sz": "0.107061", "px": "44.51", "tradeId": "161232373", "ts": "1731429837698"}, {"instId": "OKB-USDT", "side": "buy", "sz": "0.15", "px": "44.62", "tradeId": "161232476", "ts": "1731429837707"}, {"instId": "OKB-USDT", "side": "buy", "sz": "0.137948", "px": "44.62", "tradeId": "161232475", "ts": "1731429837707"}, {"instId": "OKB-USDT", "side": "buy", "sz": "0.15", "px": "44.62", "tradeId": "161232474", "ts": "1731429837707"}, {"instId": "OKB-USDT", "side": "buy", "sz": "0.103686", "px": "44.62", "tradeId": "161232473", "ts": "1731429837707"}, {"instId": "OKB-USDT", "side": "buy", "sz": "2.6", "px": "44.62", "tradeId": "161232472", "ts": "1731429837707"}, {"instId": "OKB-USDT", "side": "buy", "sz": "0.235096", "px": "44.62", "tradeId": "161232471", "ts": "1731429837707"}, {"instId": "OKB-USDT", "side": "buy", "sz": "0.239025", "px": "44.62", "tradeId": "161232470", "ts": "1731429837707"}, {"instId": "OKB-USDT", "side": "buy", "sz": "0.236375", "px": "44.62", "tradeId": "161232469", "ts": "1731429837707"}, {"instId": "OKB-USDT", "side": "buy", "sz": "0.403206", "px": "44.62", "tradeId": "161232468", "ts": "1731429837707"}, {"instId": "OKB-USDT", "side": "buy", "sz": "2.929789", "px": "44.62", "tradeId": "161232467", "ts": "1731429837707"}, {"instId": "OKB-USDT", "side": "buy", "sz": "3.593581", "px": "44.62", "tradeId": "161232466", "ts": "1731429837707"}, {"instId": "OKB-USDT", "side": "buy", "sz": "0.999099", "px": "44.61", "tradeId": "161232465", "ts": "1731429837707"}, {"instId": "OKB-USDT", "side": "buy", "sz": "0.10732", "px": "44.61", "tradeId": "161232464", "ts": "1731429837707"}, {"instId": "OKB-USDT", "side": "sell", "sz": "0.7376", "px": "44.61", "tradeId": "161232477", "ts": "1731429837710"}, {"instId": "OKB-USDT", "side": "buy", "sz": "0.149978", "px": "44.63", "tradeId": "161232485", "ts": "1731429837711"}, {"instId": "OKB-USDT", "side": "buy", "sz": "0.100394", "px": "44.63", "tradeId": "161232484", "ts": "1731429837711"}, {"instId": "OKB-USDT", "side": "buy", "sz": "0.180338", "px": "44.63", "tradeId": "161232483", "ts": "1731429837711"}, {"instId": "OKB-USDT", "side": "buy", "sz": "6.409388", "px": "44.63", "tradeId": "161232482", "ts": "1731429837711"}, {"instId": "OKB-USDT", "side": "buy", "sz": "0.229604", "px": "44.63", "tradeId": "161232481", "ts": "1731429837711"}, {"instId": "OKB-USDT", "side": "buy", "sz": "1.132198", "px": "44.63", "tradeId": "161232480", "ts": "1731429837711"}, {"instId": "OKB-USDT", "side": "sell", "sz": "0.218176", "px": "44.6", "tradeId": "161232479", "ts": "1731429837711"}, {"instId": "OKB-USDT", "side": "sell", "sz": "0.51881", "px": "44.61", "tradeId": "161232478", "ts": "1731429837711"}, {"instId": "OKB-USDT", "side": "sell", "sz": "0.124381", "px": "44.61", "tradeId": "161232486", "ts": "1731429837713"}, {"instId": "OKB-USDT", "side": "sell", "sz": "0.12426", "px": "44.61", "tradeId": "161232487", "ts": "1731429837721"}, {"instId": "OKB-USDT", "side": "sell", "sz": "0.248641", "px": "44.61", "tradeId": "161232489", "ts": "1731429837723"}, {"instId": "OKB-USDT", "side": "sell", "sz": "1.751359", "px": "44.61", "tradeId": "161232488", "ts": "1731429837723"}, {"instId": "OKB-USDT", "side": "sell", "sz": "0.104085", "px": "44.61", "tradeId": "161232490", "ts": "1731429837725"}, {"instId": "OKB-USDT", "side": "sell", "sz": "0.105701", "px": "44.61", "tradeId": "161232491", "ts": "1731429837731"}, {"instId": "OKB-USDT", "side": "sell", "sz": "0.92778", "px": "44.61", "tradeId": "161232492", "ts": "1731429837742"}, {"instId": "OKB-USDT", "side": "sell", "sz": "0.417853", "px": "44.61", "tradeId": "161232494", "ts": "1731429837743"}, {"instId": "OKB-USDT", "side": "sell", "sz": "0.613793", "px": "44.61", "tradeId": "161232493", "ts": "1731429837743"}, {"instId": "OKB-USDT", "side": "sell", "sz": "0.258153", "px": "44.61", "tradeId": "161232495", "ts": "1731429838289"}, {"instId": "OKB-USDT", "side": "sell", "sz": "0.287477", "px": "44.61", "tradeId": "161232496", "ts": "1731429841317"}, {"instId": "OKB-USDT", "side": "sell", "sz": "0.191489", "px": "44.61", "tradeId": "161232497", "ts": "1731429841720"}, {"instId": "OKB-USDT", "side": "sell", "sz": "1.263553", "px": "44.61", "tradeId": "161232498", "ts": "1731429851782"}, {"instId": "OKB-USDT", "side": "sell", "sz": "0.237372", "px": "44.61", "tradeId": "161232499", "ts": "1731429856354"}, {"instId": "OKB-USDT", "side": "buy", "sz": "1.719263", "px": "44.64", "tradeId": "161232503", "ts": "1731429857295"}, {"instId": "OKB-USDT", "side": "buy", "sz": "0.15", "px": "44.64", "tradeId": "161232502", "ts": "1731429857295"}, {"instId": "OKB-USDT", "side": "buy", "sz": "0.101262", "px": "44.64", "tradeId": "161232501", "ts": "1731429857295"}, {"instId": "OKB-USDT", "side": "buy", "sz": "1.009313", "px": "44.63", "tradeId": "161232500", "ts": "1731429857295"}, {"instId": "OKB-USDT", "side": "sell", "sz": "0.286993", "px": "44.62", "tradeId": "161232504", "ts": "1731429861337"}, {"instId": "OKB-USDT", "side": "buy", "sz": "0.15", "px": "44.64", "tradeId": "161232507", "ts": "1731429861578"}, {"instId": "OKB-USDT", "side": "buy", "sz": "0.55953", "px": "44.64", "tradeId": "161232506", "ts": "1731429861578"}, {"instId": "OKB-USDT", "side": "buy", "sz": "0.442171", "px": "44.64", "tradeId": "161232505", "ts": "1731429861578"}, {"instId": "OKB-USDT", "side": "buy", "sz": "2.1", "px": "44.65", "tradeId": "161232511", "ts": "1731429861590"}, {"instId": "OKB-USDT", "side": "buy", "sz": "2.1", "px": "44.65", "tradeId": "161232510", "ts": "1731429861590"}, {"instId": "OKB-USDT", "side": "buy", "sz": "2.1", "px": "44.65", "tradeId": "161232509", "ts": "1731429861590"}, {"instId": "OKB-USDT", "side": "buy", "sz": "1.683287", "px": "44.65", "tradeId": "161232508", "ts": "1731429861590"}, {"instId": "OKB-USDT", "side": "sell", "sz": "0.191168", "px": "44.64", "tradeId": "161232512", "ts": "1731429861736"}, {"instId": "OKB-USDT", "side": "buy", "sz": "0.15", "px": "44.8", "tradeId": "161232639", "ts": "1731429865843"}, {"instId": "OKB-USDT", "side": "buy", "sz": "81.968734", "px": "44.8", "tradeId": "161232638", "ts": "1731429865843"}, {"instId": "OKB-USDT", "side": "buy", "sz": "3", "px": "44.8", "tradeId": "161232637", "ts": "1731429865843"}, {"instId": "OKB-USDT", "side": "buy", "sz": "0.329044", "px": "44.8", "tradeId": "161232636", "ts": "1731429865843"}, {"instId": "OKB-USDT", "side": "buy", "sz": "4.7", "px": "44.8", "tradeId": "161232635", "ts": "1731429865843"}, {"instId": "OKB-USDT", "side": "buy", "sz": "0.277281", "px": "44.8", "tradeId": "161232634", "ts": "1731429865843"}, {"instId": "OKB-USDT", "side": "buy", "sz": "30.141707", "px": "44.8", "tradeId": "161232633", "ts": "1731429865843"}, {"instId": "OKB-USDT", "side": "buy", "sz": "0.812621", "px": "44.8", "tradeId": "161232632", "ts": "1731429865843"}, {"instId": "OKB-USDT", "side": "buy", "sz": "0.227503", "px": "44.8", "tradeId": "161232631", "ts": "1731429865843"}, {"instId": "OKB-USDT", "side": "buy", "sz": "0.141983", "px": "44.8", "tradeId": "161232630", "ts": "1731429865843"}, {"instId": "OKB-USDT", "side": "buy", "sz": "0.666366", "px": "44.8", "tradeId": "161232629", "ts": "1731429865843"}, {"instId": "OKB-USDT", "side": "buy", "sz": "0.125058", "px": "44.8", "tradeId": "161232628", "ts": "1731429865843"}, {"instId": "OKB-USDT", "side": "buy", "sz": "0.110444", "px": "44.8", "tradeId": "161232627", "ts": "1731429865843"}, {"instId": "OKB-USDT", "side": "buy", "sz": "0.41152", "px": "44.8", "tradeId": "161232626", "ts": "1731429865843"}, {"instId": "OKB-USDT", "side": "buy", "sz": "10.118011", "px": "44.8", "tradeId": "161232625", "ts": "1731429865843"}, {"instId": "OKB-USDT", "side": "buy", "sz": "0.175976", "px": "44.8", "tradeId": "161232624", "ts": "1731429865843"}, {"instId": "OKB-USDT", "side": "buy", "sz": "5.191277", "px": "44.8", "tradeId": "161232623", "ts": "1731429865843"}, {"instId": "OKB-USDT", "side": "buy", "sz": "0.112763", "px": "44.8", "tradeId": "161232622", "ts": "1731429865843"}, {"instId": "OKB-USDT", "side": "buy", "sz": "6.176185", "px": "44.8", "tradeId": "161232621", "ts": "1731429865843"}, {"instId": "OKB-USDT", "side": "buy", "sz": "3", "px": "44.79", "tradeId": "161232620", "ts": "1731429865843"}, {"instId": "OKB-USDT", "side": "buy", "sz": "0.201301", "px": "44.79", "tradeId": "161232619", "ts": "1731429865843"}, {"instId": "OKB-USDT", "side": "buy", "sz": "8.56241", "px": "44.79", "tradeId": "161232618", "ts": "1731429865843"}, {"instId": "OKB-USDT", "side": "buy", "sz": "5", "px": "44.79", "tradeId": "161232617", "ts": "1731429865843"}, {"instId": "OKB-USDT", "side": "buy", "sz": "0.278887", "px": "44.79", "tradeId": "161232616", "ts": "1731429865843"}, {"instId": "OKB-USDT", "side": "buy", "sz": "5.578214", "px": "44.78", "tradeId": "161232615", "ts": "1731429865843"}, {"instId": "OKB-USDT", "side": "buy", "sz": "35.73", "px": "44.78", "tradeId": "161232614", "ts": "1731429865843"}, {"instId": "OKB-USDT", "side": "buy", "sz": "0.15", "px": "44.78", "tradeId": "161232613", "ts": "1731429865843"}, {"instId": "OKB-USDT", "side": "buy", "sz": "0.108268", "px": "44.78", "tradeId": "161232612", "ts": "1731429865843"}, {"instId": "OKB-USDT", "side": "buy", "sz": "0.238807", "px": "44.78", "tradeId": "161232611", "ts": "1731429865843"}, {"instId": "OKB-USDT", "side": "buy", "sz": "5", "px": "44.78", "tradeId": "161232610", "ts": "1731429865843"}, {"instId": "OKB-USDT", "side": "buy", "sz": "6", "px": "44.77", "tradeId": "161232609", "ts": "1731429865843"}, {"instId": "OKB-USDT", "side": "buy", "sz": "0.101134", "px": "44.77", "tradeId": "161232608", "ts": "1731429865843"}, {"instId": "OKB-USDT", "side": "buy", "sz": "1.679731", "px": "44.77", "tradeId": "161232607", "ts": "1731429865843"}, {"instId": "OKB-USDT", "side": "buy", "sz": "0.168625", "px": "44.77", "tradeId": "161232606", "ts": "1731429865843"}, {"instId": "OKB-USDT", "side": "buy", "sz": "0.193841", "px": "44.77", "tradeId": "161232605", "ts": "1731429865843"}, {"instId": "OKB-USDT", "side": "buy", "sz": "0.15", "px": "44.76", "tradeId": "161232604", "ts": "1731429865843"}, {"instId": "OKB-USDT", "side": "buy", "sz": "0.107486", "px": "44.76", "tradeId": "161232603", "ts": "1731429865843"}, {"instId": "OKB-USDT", "side": "buy", "sz": "0.103681", "px": "44.76", "tradeId": "161232602", "ts": "1731429865843"}, {"instId": "OKB-USDT", "side": "buy", "sz": "0.34702", "px": "44.76", "tradeId": "161232601", "ts": "1731429865843"}, {"instId": "OKB-USDT", "side": "buy", "sz": "0.15", "px": "44.75", "tradeId": "161232600", "ts": "1731429865843"}, {"instId": "OKB-USDT", "side": "buy", "sz": "0.137747", "px": "44.75", "tradeId": "161232599", "ts": "1731429865843"}, {"instId": "OKB-USDT", "side": "buy", "sz": "0.100839", "px": "44.75", "tradeId": "161232598", "ts": "1731429865843"}, {"instId": "OKB-USDT", "side": "buy", "sz": "0.170368", "px": "44.75", "tradeId": "161232597", "ts": "1731429865843"}, {"instId": "OKB-USDT", "side": "buy", "sz": "0.334275", "px": "44.75", "tradeId": "161232596", "ts": "1731429865843"}, {"instId": "OKB-USDT", "side": "buy", "sz": "0.334275", "px": "44.75", "tradeId": "161232595", "ts": "1731429865843"}, {"instId": "OKB-USDT", "side": "buy", "sz": "0.12133", "px": "44.75", "tradeId": "161232594", "ts": "1731429865843"}, {"instId": "OKB-USDT", "side": "buy", "sz": "17.1463", "px": "44.75", "tradeId": "161232593", "ts": "1731429865843"}, {"instId": "OKB-USDT", "side": "buy", "sz": "2.245216", "px": "44.75", "tradeId": "161232592", "ts": "1731429865843"}, {"instId": "OKB-USDT", "side": "buy", "sz": "1.126577", "px": "44.75", "tradeId": "161232591", "ts": "1731429865843"}, {"instId": "OKB-USDT", "side": "buy", "sz": "5", "px": "44.75", "tradeId": "161232590", "ts": "1731429865843"}, {"instId": "OKB-USDT", "side": "buy", "sz": "0.236375", "px": "44.75", "tradeId": "161232589", "ts": "1731429865843"}, {"instId": "OKB-USDT", "side": "buy", "sz": "0.239025", "px": "44.75", "tradeId": "161232588", "ts": "1731429865843"}, {"instId": "OKB-USDT", "side": "buy", "sz": "0.235096", "px": "44.75", "tradeId": "161232587", "ts": "1731429865843"}, {"instId": "OKB-USDT", "side": "buy", "sz": "0.530859", "px": "44.75", "tradeId": "161232586", "ts": "1731429865843"}, {"instId": "OKB-USDT", "side": "buy", "sz": "0.403206", "px": "44.75", "tradeId": "161232585", "ts": "1731429865843"}, {"instId": "OKB-USDT", "side": "buy", "sz": "0.229604", "px": "44.75", "tradeId": "161232584", "ts": "1731429865843"}, {"instId": "OKB-USDT", "side": "buy", "sz": "4", "px": "44.74", "tradeId": "161232583", "ts": "1731429865843"}, {"instId": "OKB-USDT", "side": "buy", "sz": "8.622328", "px": "44.74", "tradeId": "161232582", "ts": "1731429865843"}, {"instId": "OKB-USDT", "side": "buy", "sz": "0.15", "px": "44.74", "tradeId": "161232581", "ts": "1731429865843"}, {"instId": "OKB-USDT", "side": "buy", "sz": "6.2", "px": "44.74", "tradeId": "161232580", "ts": "1731429865843"}, {"instId": "OKB-USDT", "side": "buy", "sz": "0.15", "px": "44.74", "tradeId": "161232579", "ts": "1731429865843"}, {"instId": "OKB-USDT", "side": "buy", "sz": "1.383609", "px": "44.74", "tradeId": "161232578", "ts": "1731429865843"}, {"instId": "OKB-USDT", "side": "buy", "sz": "0.163475", "px": "44.74", "tradeId": "161232577", "ts": "1731429865843"}, {"instId": "OKB-USDT", "side": "buy", "sz": "5", "px": "44.74", "tradeId": "161232576", "ts": "1731429865843"}, {"instId": "OKB-USDT", "side": "buy", "sz": "0.174543", "px": "44.74", "tradeId": "161232575", "ts": "1731429865843"}, {"instId": "OKB-USDT", "side": "buy", "sz": "5.166488", "px": "44.73", "tradeId": "161232574", "ts": "1731429865843"}, {"instId": "OKB-USDT", "side": "buy", "sz": "4", "px": "44.73", "tradeId": "161232573", "ts": "1731429865843"}, {"instId": "OKB-USDT", "side": "buy", "sz": "4.466642", "px": "44.73", "tradeId": "161232572", "ts": "1731429865843"}, {"instId": "OKB-USDT", "side": "buy", "sz": "0.15", "px": "44.73", "tradeId": "161232571", "ts": "1731429865843"}, {"instId": "OKB-USDT", "side": "buy", "sz": "0.180634", "px": "44.73", "tradeId": "161232570", "ts": "1731429865843"}, {"instId": "OKB-USDT", "side": "buy", "sz": "0.101361", "px": "44.73", "tradeId": "161232569", "ts": "1731429865843"}, {"instId": "OKB-USDT", "side": "buy", "sz": "1.132198", "px": "44.73", "tradeId": "161232568", "ts": "1731429865843"}, {"instId": "OKB-USDT", "side": "buy", "sz": "4", "px": "44.72", "tradeId": "161232567", "ts": "1731429865843"}, {"instId": "OKB-USDT", "side": "buy", "sz": "0.15", "px": "44.72", "tradeId": "161232566", "ts": "1731429865843"}, {"instId": "OKB-USDT", "side": "buy", "sz": "0.15", "px": "44.72", "tradeId": "161232565", "ts": "1731429865843"}, {"instId": "OKB-USDT", "side": "buy", "sz": "1.082803", "px": "44.72", "tradeId": "161232564", "ts": "1731429865843"}, {"instId": "OKB-USDT", "side": "buy", "sz": "0.158409", "px": "44.72", "tradeId": "161232563", "ts": "1731429865843"}, {"instId": "OKB-USDT", "side": "buy", "sz": "5", "px": "44.72", "tradeId": "161232562", "ts": "1731429865843"}, {"instId": "OKB-USDT", "side": "buy", "sz": "6.52337", "px": "44.72", "tradeId": "161232561", "ts": "1731429865843"}, {"instId": "OKB-USDT", "side": "buy", "sz": "2.234494", "px": "44.71", "tradeId": "161232560", "ts": "1731429865843"}, {"instId": "OKB-USDT", "side": "buy", "sz": "5.2", "px": "44.71", "tradeId": "161232559", "ts": "1731429865843"}, {"instId": "OKB-USDT", "side": "buy", "sz": "5.119375", "px": "44.71", "tradeId": "161232558", "ts": "1731429865843"}, {"instId": "OKB-USDT", "side": "buy", "sz": "4", "px": "44.71", "tradeId": "161232557", "ts": "1731429865843"}, {"instId": "OKB-USDT", "side": "buy", "sz": "0.15", "px": "44.71", "tradeId": "161232556", "ts": "1731429865843"}, {"instId": "OKB-USDT", "side": "buy", "sz": "0.100837", "px": "44.71", "tradeId": "161232555", "ts": "1731429865843"}, {"instId": "OKB-USDT", "side": "buy", "sz": "0.102597", "px": "44.71", "tradeId": "161232554", "ts": "1731429865843"}, {"instId": "OKB-USDT", "side": "buy", "sz": "0.101326", "px": "44.71", "tradeId": "161232553", "ts": "1731429865843"}, {"instId": "OKB-USDT", "side": "buy", "sz": "3.7", "px": "44.71", "tradeId": "161232552", "ts": "1731429865843"}, {"instId": "OKB-USDT", "side": "buy", "sz": "0.104886", "px": "44.71", "tradeId": "161232551", "ts": "1731429865843"}, {"instId": "OKB-USDT", "side": "buy", "sz": "4.708242", "px": "44.7", "tradeId": "161232550", "ts": "1731429865843"}, {"instId": "OKB-USDT", "side": "buy", "sz": "4", "px": "44.7", "tradeId": "161232549", "ts": "1731429865843"}, {"instId": "OKB-USDT", "side": "buy", "sz": "0.15", "px": "44.7", "tradeId": "161232548", "ts": "1731429865843"}, {"instId": "OKB-USDT", "side": "buy", "sz": "0.15", "px": "44.7", "tradeId": "161232547", "ts": "1731429865843"}, {"instId": "OKB-USDT", "side": "buy", "sz": "0.141428", "px": "44.7", "tradeId": "161232546", "ts": "1731429865843"}, {"instId": "OKB-USDT", "side": "buy", "sz": "3.7", "px": "44.7", "tradeId": "161232545", "ts": "1731429865843"}, {"instId": "OKB-USDT", "side": "buy", "sz": "0.115752", "px": "44.7", "tradeId": "161232544", "ts": "1731429865843"}, {"instId": "OKB-USDT", "side": "buy", "sz": "0.105256", "px": "44.7", "tradeId": "161232543", "ts": "1731429865843"}, {"instId": "OKB-USDT", "side": "buy", "sz": "0.101563", "px": "44.7", "tradeId": "161232542", "ts": "1731429865843"}, {"instId": "OKB-USDT", "side": "buy", "sz": "0.172543", "px": "44.7", "tradeId": "161232541", "ts": "1731429865843"}, {"instId": "OKB-USDT", "side": "buy", "sz": "1.8", "px": "44.69", "tradeId": "161232540", "ts": "1731429865843"}, {"instId": "OKB-USDT", "side": "buy", "sz": "1.8", "px": "44.69", "tradeId": "161232539", "ts": "1731429865843"}, {"instId": "OKB-USDT", "side": "buy", "sz": "1.8", "px": "44.69", "tradeId": "161232538", "ts": "1731429865843"}, {"instId": "OKB-USDT", "side": "buy", "sz": "1.11789", "px": "44.69", "tradeId": "161232537", "ts": "1731429865843"}, {"instId": "OKB-USDT", "side": "buy", "sz": "4", "px": "44.69", "tradeId": "161232536", "ts": "1731429865843"}, {"instId": "OKB-USDT", "side": "buy", "sz": "0.15", "px": "44.69", "tradeId": "161232535", "ts": "1731429865843"}, {"instId": "OKB-USDT", "side": "buy", "sz": "0.112945", "px": "44.69", "tradeId": "161232534", "ts": "1731429865843"}, {"instId": "OKB-USDT", "side": "buy", "sz": "0.102676", "px": "44.69", "tradeId": "161232533", "ts": "1731429865843"}, {"instId": "OKB-USDT", "side": "buy", "sz": "1.6", "px": "44.68", "tradeId": "161232532", "ts": "1731429865843"}, {"instId": "OKB-USDT", "side": "buy", "sz": "0.15", "px": "44.68", "tradeId": "161232531", "ts": "1731429865843"}, {"instId": "OKB-USDT", "side": "buy", "sz": "0.15", "px": "44.68", "tradeId": "161232530", "ts": "1731429865843"}, {"instId": "OKB-USDT", "side": "buy", "sz": "2.178532", "px": "44.68", "tradeId": "161232529", "ts": "1731429865843"}, {"instId": "OKB-USDT", "side": "buy", "sz": "0.105785", "px": "44.68", "tradeId": "161232528", "ts": "1731429865843"}, {"instId": "OKB-USDT", "side": "buy", "sz": "0.303359", "px": "44.68", "tradeId": "161232527", "ts": "1731429865843"}, {"instId": "OKB-USDT", "side": "buy", "sz": "1.085828", "px": "44.68", "tradeId": "161232526", "ts": "1731429865843"}, {"instId": "OKB-USDT", "side": "buy", "sz": "3.5", "px": "44.68", "tradeId": "161232525", "ts": "1731429865843"}, {"instId": "OKB-USDT", "side": "buy", "sz": "0.17755", "px": "44.68", "tradeId": "161232524", "ts": "1731429865843"}, {"instId": "OKB-USDT", "side": "buy", "sz": "1.02427", "px": "44.68", "tradeId": "161232523", "ts": "1731429865843"}, {"instId": "OKB-USDT", "side": "buy", "sz": "0.15", "px": "44.67", "tradeId": "161232522", "ts": "1731429865843"}, {"instId": "OKB-USDT", "side": "buy", "sz": "0.100882", "px": "44.67", "tradeId": "161232521", "ts": "1731429865843"}, {"instId": "OKB-USDT", "side": "buy", "sz": "0.18154", "px": "44.67", "tradeId": "161232520", "ts": "1731429865843"}, {"instId": "OKB-USDT", "side": "buy", "sz": "0.559243", "px": "44.66", "tradeId": "161232519", "ts": "1731429865843"}, {"instId": "OKB-USDT", "side": "buy", "sz": "0.648349", "px": "44.66", "tradeId": "161232518", "ts": "1731429865843"}, {"instId": "OKB-USDT", "side": "buy", "sz": "3.6", "px": "44.66", "tradeId": "161232517", "ts": "1731429865843"}, {"instId": "OKB-USDT", "side": "buy", "sz": "10.1", "px": "44.66", "tradeId": "161232516", "ts": "1731429865843"}, {"instId": "OKB-USDT", "side": "buy", "sz": "0.15", "px": "44.66", "tradeId": "161232515", "ts": "1731429865843"}, {"instId": "OKB-USDT", "side": "buy", "sz": "0.278887", "px": "44.66", "tradeId": "161232514", "ts": "1731429865843"}, {"instId": "OKB-USDT", "side": "buy", "sz": "0.277281", "px": "44.66", "tradeId": "161232513", "ts": "1731429865843"}, {"instId": "OKB-USDT", "side": "sell", "sz": "0.157274", "px": "44.8", "tradeId": "161232641", "ts": "1731429865860"}, {"instId": "OKB-USDT", "side": "sell", "sz": "61.974944", "px": "44.8", "tradeId": "161232640", "ts": "1731429865860"}, {"instId": "OKB-USDT", "side": "sell", "sz": "0.12426", "px": "44.8", "tradeId": "161232642", "ts": "1731429865861"}, {"instId": "OKB-USDT", "side": "buy", "sz": "0.633149", "px": "44.83", "tradeId": "161232662", "ts": "1731429865862"}, {"instId": "OKB-USDT", "side": "buy", "sz": "0.105262", "px": "44.83", "tradeId": "161232661", "ts": "1731429865862"}, {"instId": "OKB-USDT", "side": "buy", "sz": "0.892994", "px": "44.83", "tradeId": "161232660", "ts": "1731429865862"}, {"instId": "OKB-USDT", "side": "buy", "sz": "0.503422", "px": "44.83", "tradeId": "161232659", "ts": "1731429865862"}, {"instId": "OKB-USDT", "side": "buy", "sz": "1.132027", "px": "44.83", "tradeId": "161232658", "ts": "1731429865862"}, {"instId": "OKB-USDT", "side": "buy", "sz": "0.15", "px": "44.82", "tradeId": "161232657", "ts": "1731429865862"}, {"instId": "OKB-USDT", "side": "buy", "sz": "0.106111", "px": "44.82", "tradeId": "161232656", "ts": "1731429865862"}, {"instId": "OKB-USDT", "side": "buy", "sz": "0.378944", "px": "44.82", "tradeId": "161232655", "ts": "1731429865862"}, {"instId": "OKB-USDT", "side": "buy", "sz": "2.287011", "px": "44.82", "tradeId": "161232654", "ts": "1731429865862"}, {"instId": "OKB-USDT", "side": "buy", "sz": "0.162265", "px": "44.82", "tradeId": "161232653", "ts": "1731429865862"}, {"instId": "OKB-USDT", "side": "buy", "sz": "1.024116", "px": "44.82", "tradeId": "161232652", "ts": "1731429865862"}, {"instId": "OKB-USDT", "side": "buy", "sz": "4.7", "px": "44.81", "tradeId": "161232651", "ts": "1731429865862"}, {"instId": "OKB-USDT", "side": "buy", "sz": "3.2", "px": "44.81", "tradeId": "161232650", "ts": "1731429865862"}, {"instId": "OKB-USDT", "side": "buy", "sz": "0.210018", "px": "44.81", "tradeId": "161232649", "ts": "1731429865862"}, {"instId": "OKB-USDT", "side": "buy", "sz": "3.41486", "px": "44.81", "tradeId": "161232648", "ts": "1731429865862"}, {"instId": "OKB-USDT", "side": "buy", "sz": "0.138679", "px": "44.81", "tradeId": "161232647", "ts": "1731429865862"}, {"instId": "OKB-USDT", "side": "buy", "sz": "6.523202", "px": "44.81", "tradeId": "161232646", "ts": "1731429865862"}, {"instId": "OKB-USDT", "side": "sell", "sz": "1.172974", "px": "44.8", "tradeId": "161232645", "ts": "1731429865862"}, {"instId": "OKB-USDT", "side": "sell", "sz": "1.048978", "px": "44.8", "tradeId": "161232644", "ts": "1731429865862"}, {"instId": "OKB-USDT", "side": "sell", "sz": "26.734288", "px": "44.8", "tradeId": "161232643", "ts": "1731429865862"}, {"instId": "OKB-USDT", "side": "sell", "sz": "24.558815", "px": "44.8", "tradeId": "161232665", "ts": "1731429865863"}, {"instId": "OKB-USDT", "side": "sell", "sz": "0.101085", "px": "44.8", "tradeId": "161232664", "ts": "1731429865863"}, {"instId": "OKB-USDT", "side": "sell", "sz": "0.124381", "px": "44.8", "tradeId": "161232663", "ts": "1731429865863"}, {"instId": "OKB-USDT", "side": "sell", "sz": "0.100897", "px": "44.8", "tradeId": "161232666", "ts": "1731429865864"}, {"instId": "OKB-USDT", "side": "sell", "sz": "650.424899", "px": "44.8", "tradeId": "161232667", "ts": "1731429865865"}, {"instId": "OKB-USDT", "side": "buy", "sz": "1.08139", "px": "44.75", "tradeId": "161232668", "ts": "1731429867638"}, {"instId": "OKB-USDT", "side": "sell", "sz": "0.028344", "px": "44.74", "tradeId": "161232671", "ts": "1731429871000"}, {"instId": "OKB-USDT", "side": "sell", "sz": "0.15", "px": "44.75", "tradeId": "161232670", "ts": "1731429871000"}, {"instId": "OKB-USDT", "side": "sell", "sz": "1.08139", "px": "44.75", "tradeId": "161232669", "ts": "1731429871000"}, {"instId": "OKB-USDT", "side": "sell", "sz": "0.026136", "px": "44.73", "tradeId": "161232674", "ts": "1731429871400"}, {"instId": "OKB-USDT", "side": "sell", "sz": "0.858475", "px": "44.73", "tradeId": "161232673", "ts": "1731429871400"}, {"instId": "OKB-USDT", "side": "sell", "sz": "0.121656", "px": "44.74", "tradeId": "161232672", "ts": "1731429871400"}, {"instId": "OKB-USDT", "side": "sell", "sz": "1.1331", "px": "44.73", "tradeId": "161232675", "ts": "1731429873037"}, {"instId": "OKB-USDT", "side": "sell", "sz": "0.286506", "px": "44.72", "tradeId": "161232677", "ts": "1731429880553"}, {"instId": "OKB-USDT", "side": "sell", "sz": "0.000005", "px": "44.73", "tradeId": "161232676", "ts": "1731429880553"}, {"instId": "OKB-USDT", "side": "sell", "sz": "0.190847", "px": "44.72", "tradeId": "161232678", "ts": "1731429880953"}, {"instId": "OKB-USDT", "side": "buy", "sz": "0.672084", "px": "44.74", "tradeId": "161232679", "ts": "1731429886790"}, {"instId": "OKB-USDT", "side": "buy", "sz": "1.4711", "px": "44.73", "tradeId": "161232680", "ts": "1731429889047"}, {"instId": "OKB-USDT", "side": "buy", "sz": "2.155607", "px": "44.73", "tradeId": "161232682", "ts": "1731429889884"}, {"instId": "OKB-USDT", "side": "buy", "sz": "0.000093", "px": "44.73", "tradeId": "161232681", "ts": "1731429889884"}, {"instId": "OKB-USDT", "side": "buy", "sz": "0.000065", "px": "44.73", "tradeId": "161232683", "ts": "1731429889888"}, {"instId": "OKB-USDT", "side": "sell", "sz": "0.28603", "px": "44.72", "tradeId": "161232684", "ts": "1731429900178"}, {"instId": "OKB-USDT", "side": "sell", "sz": "0.190526", "px": "44.72", "tradeId": "161232685", "ts": "1731429900872"}, {"instId": "OKB-USDT", "side": "sell", "sz": "0.363938", "px": "44.72", "tradeId": "161232686", "ts": "1731429908810"}, {"instId": "OKB-USDT", "side": "sell", "sz": "0.111807", "px": "44.72", "tradeId": "161232687", "ts": "1731429918177"}, {"instId": "OKB-USDT", "side": "sell", "sz": "0.143388", "px": "44.72", "tradeId": "161232688", "ts": "1731429921354"}, {"instId": "OKB-USDT", "side": "sell", "sz": "5.586413", "px": "44.7", "tradeId": "161232699", "ts": "1731429923270"}, {"instId": "OKB-USDT", "side": "sell", "sz": "2.1", "px": "44.7", "tradeId": "161232698", "ts": "1731429923270"}, {"instId": "OKB-USDT", "side": "sell", "sz": "2.2", "px": "44.7", "tradeId": "161232697", "ts": "1731429923270"}, {"instId": "OKB-USDT", "side": "sell", "sz": "0.15", "px": "44.7", "tradeId": "161232696", "ts": "1731429923270"}, {"instId": "OKB-USDT", "side": "sell", "sz": "0.15", "px": "44.7", "tradeId": "161232695", "ts": "1731429923270"}, {"instId": "OKB-USDT", "side": "sell", "sz": "0.858475", "px": "44.7", "tradeId": "161232694", "ts": "1731429923270"}, {"instId": "OKB-USDT", "side": "sell", "sz": "0.15", "px": "44.71", "tradeId": "161232693", "ts": "1731429923270"}, {"instId": "OKB-USDT", "side": "sell", "sz": "0.858475", "px": "44.71", "tradeId": "161232692", "ts": "1731429923270"}, {"instId": "OKB-USDT", "side": "sell", "sz": "0.858475", "px": "44.71", "tradeId": "161232691", "ts": "1731429923270"}, {"instId": "OKB-USDT", "side": "sell", "sz": "0.333751", "px": "44.72", "tradeId": "161232690", "ts": "1731429923270"}, {"instId": "OKB-USDT", "side": "sell", "sz": "5.239771", "px": "44.72", "tradeId": "161232689", "ts": "1731429923270"}, {"instId": "OKB-USDT", "side": "buy", "sz": "1.681", "px": "44.7", "tradeId": "161232700", "ts": "1731429923286"}, {"instId": "OKB-USDT", "side": "sell", "sz": "1.414521", "px": "44.69", "tradeId": "161232702", "ts": "1731429923759"}, {"instId": "OKB-USDT", "side": "sell", "sz": "0.858475", "px": "44.69", "tradeId": "161232701", "ts": "1731429923759"}, {"instId": "OKB-USDT", "side": "buy", "sz": "0.645219", "px": "44.7", "tradeId": "161232704", "ts": "1731429924618"}, {"instId": "OKB-USDT", "side": "buy", "sz": "0.000081", "px": "44.7", "tradeId": "161232703", "ts": "1731429924618"}, {"instId": "OKB-USDT", "side": "buy", "sz": "0.000081", "px": "44.7", "tradeId": "161232705", "ts": "1731429924621"}, {"instId": "OKB-USDT", "side": "buy", "sz": "0.834554", "px": "44.74", "tradeId": "161232717", "ts": "1731429959048"}, {"instId": "OKB-USDT", "side": "buy", "sz": "0.15", "px": "44.74", "tradeId": "161232716", "ts": "1731429959048"}, {"instId": "OKB-USDT", "side": "buy", "sz": "0.285551", "px": "44.74", "tradeId": "161232715", "ts": "1731429959048"}, {"instId": "OKB-USDT", "side": "buy", "sz": "0.15", "px": "44.74", "tradeId": "161232714", "ts": "1731429959048"}, {"instId": "OKB-USDT", "side": "buy", "sz": "0.15", "px": "44.73", "tradeId": "161232713", "ts": "1731429959048"}, {"instId": "OKB-USDT", "side": "buy", "sz": "2.371852", "px": "44.73", "tradeId": "161232712", "ts": "1731429959048"}, {"instId": "OKB-USDT", "side": "buy", "sz": "0.558454", "px": "44.72", "tradeId": "161232711", "ts": "1731429959048"}, {"instId": "OKB-USDT", "side": "buy", "sz": "0.15", "px": "44.72", "tradeId": "161232710", "ts": "1731429959048"}, {"instId": "OKB-USDT", "side": "buy", "sz": "0.644701", "px": "44.72", "tradeId": "161232709", "ts": "1731429959048"}, {"instId": "OKB-USDT", "side": "buy", "sz": "0.15", "px": "44.72", "tradeId": "161232708", "ts": "1731429959048"}, {"instId": "OKB-USDT", "side": "buy", "sz": "0.15", "px": "44.71", "tradeId": "161232707", "ts": "1731429959048"}, {"instId": "OKB-USDT", "side": "buy", "sz": "2.371852", "px": "44.71", "tradeId": "161232706", "ts": "1731429959048"}, {"instId": "OKB-USDT", "side": "sell", "sz": "0.9735", "px": "44.74", "tradeId": "161232718", "ts": "1731429959058"}, {"instId": "OKB-USDT", "side": "sell", "sz": "0.000081", "px": "44.74", "tradeId": "161232719", "ts": "1731429959061"}, {"instId": "OKB-USDT", "side": "sell", "sz": "0.15", "px": "44.7", "tradeId": "161232720", "ts": "1731429964486"}, {"instId": "OKB-USDT", "side": "buy", "sz": "0.637656", "px": "44.71", "tradeId": "161232723", "ts": "1731429977663"}, {"instId": "OKB-USDT", "side": "buy", "sz": "0.480383", "px": "44.71", "tradeId": "161232722", "ts": "1731429977663"}, {"instId": "OKB-USDT", "side": "buy", "sz": "0.15", "px": "44.71", "tradeId": "161232721", "ts": "1731429977663"}, {"instId": "OKB-USDT", "side": "buy", "sz": "0.428566", "px": "44.72", "tradeId": "161232729", "ts": "1731429982139"}, {"instId": "OKB-USDT", "side": "buy", "sz": "1.6", "px": "44.72", "tradeId": "161232728", "ts": "1731429982139"}, {"instId": "OKB-USDT", "side": "buy", "sz": "0.15", "px": "44.72", "tradeId": "161232727", "ts": "1731429982139"}, {"instId": "OKB-USDT", "side": "buy", "sz": "0.15", "px": "44.72", "tradeId": "161232726", "ts": "1731429982139"}, {"instId": "OKB-USDT", "side": "buy", "sz": "4", "px": "44.72", "tradeId": "161232725", "ts": "1731429982139"}, {"instId": "OKB-USDT", "side": "buy", "sz": "0.15", "px": "44.71", "tradeId": "161232724", "ts": "1731429982139"}, {"instId": "OKB-USDT", "side": "sell", "sz": "2.981065", "px": "44.71", "tradeId": "161232730", "ts": "1731429992327"}, {"instId": "OKB-USDT", "side": "sell", "sz": "0.157816", "px": "44.71", "tradeId": "161232731", "ts": "1731429994354"}, {"instId": "OKB-USDT", "side": "buy", "sz": "0.480317", "px": "44.72", "tradeId": "161232732", "ts": "1731429999760"}, {"instId": "OKB-USDT", "side": "buy", "sz": "0.480117", "px": "44.73", "tradeId": "161232734", "ts": "1731430011973"}, {"instId": "OKB-USDT", "side": "buy", "sz": "0.15", "px": "44.73", "tradeId": "161232733", "ts": "1731430011973"}, {"instId": "OKB-USDT", "side": "sell", "sz": "0.268012", "px": "44.73", "tradeId": "161232735", "ts": "1731430021858"}, {"instId": "OKB-USDT", "side": "sell", "sz": "2.101871", "px": "44.73", "tradeId": "161232736", "ts": "1731430034362"}, {"instId": "OKB-USDT", "side": "buy", "sz": "3.012", "px": "44.73", "tradeId": "161232737", "ts": "1731430035573"}, {"instId": "OKB-USDT", "side": "buy", "sz": "0.000035", "px": "44.73", "tradeId": "161232738", "ts": "1731430036233"}, {"instId": "OKB-USDT", "side": "sell", "sz": "4.782206", "px": "44.7", "tradeId": "161232747", "ts": "1731430048168"}, {"instId": "OKB-USDT", "side": "sell", "sz": "1.8", "px": "44.7", "tradeId": "161232746", "ts": "1731430048168"}, {"instId": "OKB-USDT", "side": "sell", "sz": "0.15", "px": "44.7", "tradeId": "161232745", "ts": "1731430048168"}, {"instId": "OKB-USDT", "side": "sell", "sz": "0.15", "px": "44.7", "tradeId": "161232744", "ts": "1731430048168"}, {"instId": "OKB-USDT", "side": "sell", "sz": "2.2", "px": "44.71", "tradeId": "161232743", "ts": "1731430048168"}, {"instId": "OKB-USDT", "side": "sell", "sz": "0.15", "px": "44.71", "tradeId": "161232742", "ts": "1731430048168"}, {"instId": "OKB-USDT", "side": "sell", "sz": "6.861119", "px": "44.71", "tradeId": "161232741", "ts": "1731430048168"}, {"instId": "OKB-USDT", "side": "sell", "sz": "0.15", "px": "44.72", "tradeId": "161232740", "ts": "1731430048168"}, {"instId": "OKB-USDT", "side": "sell", "sz": "2.371852", "px": "44.72", "tradeId": "161232739", "ts": "1731430048168"}, {"instId": "OKB-USDT", "side": "buy", "sz": "0.02689", "px": "44.74", "tradeId": "161232751", "ts": "1731430048993"}, {"instId": "OKB-USDT", "side": "buy", "sz": "0.15", "px": "44.74", "tradeId": "161232750", "ts": "1731430048993"}, {"instId": "OKB-USDT", "side": "buy", "sz": "0.15", "px": "44.74", "tradeId": "161232749", "ts": "1731430048993"}, {"instId": "OKB-USDT", "side": "buy", "sz": "0.790854", "px": "44.73", "tradeId": "161232748", "ts": "1731430048993"}, {"instId": "OKB-USDT", "side": "sell", "sz": "0.051686", "px": "44.7", "tradeId": "161232753", "ts": "1731430067854"}, {"instId": "OKB-USDT", "side": "sell", "sz": "0.15", "px": "44.7", "tradeId": "161232752", "ts": "1731430067854"}, {"instId": "OKB-USDT", "side": "buy", "sz": "0.807762", "px": "44.73", "tradeId": "161232756", "ts": "1731430076663"}, {"instId": "OKB-USDT", "side": "buy", "sz": "0.15", "px": "44.73", "tradeId": "161232755", "ts": "1731430076663"}, {"instId": "OKB-USDT", "side": "buy", "sz": "0.15", "px": "44.72", "tradeId": "161232754", "ts": "1731430076663"}, {"instId": "OKB-USDT", "side": "buy", "sz": "1.6", "px": "44.74", "tradeId": "161232762", "ts": "1731430080435"}, {"instId": "OKB-USDT", "side": "buy", "sz": "1.3", "px": "44.74", "tradeId": "161232761", "ts": "1731430080435"}, {"instId": "OKB-USDT", "side": "buy", "sz": "0.15", "px": "44.74", "tradeId": "161232760", "ts": "1731430080435"}, {"instId": "OKB-USDT", "side": "buy", "sz": "0.15", "px": "44.74", "tradeId": "161232759", "ts": "1731430080435"}, {"instId": "OKB-USDT", "side": "buy", "sz": "0.15", "px": "44.73", "tradeId": "161232758", "ts": "1731430080435"}, {"instId": "OKB-USDT", "side": "buy", "sz": "0.558403", "px": "44.73", "tradeId": "161232757", "ts": "1731430080435"}, {"instId": "OKB-USDT", "side": "sell", "sz": "1.08139", "px": "44.74", "tradeId": "161232763", "ts": "1731430080476"}, {"instId": "OKB-USDT", "side": "sell", "sz": "16.638456", "px": "44.74", "tradeId": "161232764", "ts": "1731430080480"}, {"instId": "OKB-USDT", "side": "sell", "sz": "1.08139", "px": "44.74", "tradeId": "161232765", "ts": "1731430080483"}, {"instId": "OKB-USDT", "side": "sell", "sz": "39.874178", "px": "44.74", "tradeId": "161232766", "ts": "1731430080484"}, {"instId": "OKB-USDT", "side": "sell", "sz": "0.93139", "px": "44.71", "tradeId": "161232768", "ts": "1731430107876"}, {"instId": "OKB-USDT", "side": "sell", "sz": "0.15", "px": "44.71", "tradeId": "161232767", "ts": "1731430107876"}, {"instId": "OKB-USDT", "side": "sell", "sz": "1.08139", "px": "44.71", "tradeId": "161232769", "ts": "1731430107883"}, {"instId": "OKB-USDT", "side": "sell", "sz": "0.142892", "px": "44.71", "tradeId": "161232770", "ts": "1731430107892"}, {"instId": "OKB-USDT", "side": "sell", "sz": "0.15", "px": "44.7", "tradeId": "161232771", "ts": "1731430107906"}, {"instId": "OKB-USDT", "side": "buy", "sz": "1.08139", "px": "44.7", "tradeId": "161232773", "ts": "1731430108016"}, {"instId": "OKB-USDT", "side": "buy", "sz": "4", "px": "44.7", "tradeId": "161232772", "ts": "1731430108016"}, {"instId": "OKB-USDT", "side": "sell", "sz": "0.237785", "px": "44.68", "tradeId": "161232774", "ts": "1731430131854"}, {"instId": "OKB-USDT", "side": "sell", "sz": "13.10187", "px": "44.65", "tradeId": "161232784", "ts": "1731430146761"}, {"instId": "OKB-USDT", "side": "sell", "sz": "0.15", "px": "44.65", "tradeId": "161232783", "ts": "1731430146761"}