[{"instId": "OKB-USDT", "side": "sell", "sz": "0.1536", "px": "45.06", "tradeId": "161237017", "ts": "1731442435422"}, {"instId": "OKB-USDT", "side": "sell", "sz": "0.1", "px": "45.06", "tradeId": "161237019", "ts": "1731442442988"}, {"instId": "OKB-USDT", "side": "sell", "sz": "2.08941", "px": "45.06", "tradeId": "161237018", "ts": "1731442442988"}, {"instId": "OKB-USDT", "side": "sell", "sz": "0.215393", "px": "45.04", "tradeId": "161237020", "ts": "1731442451854"}, {"instId": "OKB-USDT", "side": "sell", "sz": "1.476015", "px": "45.02", "tradeId": "161237027", "ts": "1731442455749"}, {"instId": "OKB-USDT", "side": "sell", "sz": "0.15", "px": "45.02", "tradeId": "161237026", "ts": "1731442455749"}, {"instId": "OKB-USDT", "side": "sell", "sz": "0.15", "px": "45.02", "tradeId": "161237025", "ts": "1731442455749"}, {"instId": "OKB-USDT", "side": "sell", "sz": "1.133105", "px": "45.03", "tradeId": "161237024", "ts": "1731442455749"}, {"instId": "OKB-USDT", "side": "sell", "sz": "0.15", "px": "45.03", "tradeId": "161237023", "ts": "1731442455749"}, {"instId": "OKB-USDT", "side": "sell", "sz": "1.08139", "px": "45.04", "tradeId": "161237022", "ts": "1731442455749"}, {"instId": "OKB-USDT", "side": "sell", "sz": "1.831701", "px": "45.04", "tradeId": "161237021", "ts": "1731442455749"}, {"instId": "OKB-USDT", "side": "buy", "sz": "0.935126", "px": "45.05", "tradeId": "161237028", "ts": "1731442458663"}, {"instId": "OKB-USDT", "side": "sell", "sz": "0.189292", "px": "45.02", "tradeId": "161237029", "ts": "1731442512354"}, {"instId": "OKB-USDT", "side": "sell", "sz": "1.468325", "px": "45.02", "tradeId": "161237030", "ts": "1731442524160"}, {"instId": "OKB-USDT", "side": "sell", "sz": "2.166585", "px": "45.01", "tradeId": "161237033", "ts": "1731442531772"}, {"instId": "OKB-USDT", "side": "sell", "sz": "0.229708", "px": "45.01", "tradeId": "161237032", "ts": "1731442531772"}, {"instId": "OKB-USDT", "side": "sell", "sz": "6.526307", "px": "45.01", "tradeId": "161237031", "ts": "1731442531772"}, {"instId": "OKB-USDT", "side": "sell", "sz": "0.000079", "px": "45.01", "tradeId": "161237034", "ts": "1731442531776"}, {"instId": "OKB-USDT", "side": "sell", "sz": "0.403509", "px": "45", "tradeId": "161237041", "ts": "1731442531778"}, {"instId": "OKB-USDT", "side": "sell", "sz": "1.25", "px": "45", "tradeId": "161237040", "ts": "1731442531778"}, {"instId": "OKB-USDT", "side": "sell", "sz": "10.122567", "px": "45", "tradeId": "161237039", "ts": "1731442531778"}, {"instId": "OKB-USDT", "side": "sell", "sz": "0.2004", "px": "45", "tradeId": "161237038", "ts": "1731442531778"}, {"instId": "OKB-USDT", "side": "sell", "sz": "1.674565", "px": "45", "tradeId": "161237037", "ts": "1731442531778"}, {"instId": "OKB-USDT", "side": "sell", "sz": "3.520089", "px": "45", "tradeId": "161237036", "ts": "1731442531778"}, {"instId": "OKB-USDT", "side": "sell", "sz": "4.141011", "px": "45", "tradeId": "161237035", "ts": "1731442531778"}, {"instId": "OKB-USDT", "side": "sell", "sz": "0.908708", "px": "44.99", "tradeId": "161237043", "ts": "1731442531782"}, {"instId": "OKB-USDT", "side": "sell", "sz": "0.172682", "px": "44.99", "tradeId": "161237042", "ts": "1731442531782"}, {"instId": "OKB-USDT", "side": "sell", "sz": "1.791292", "px": "44.99", "tradeId": "161237044", "ts": "1731442531784"}, {"instId": "OKB-USDT", "side": "sell", "sz": "2.16873", "px": "44.98", "tradeId": "161237046", "ts": "1731442537452"}, {"instId": "OKB-USDT", "side": "sell", "sz": "0.10497", "px": "44.98", "tradeId": "161237045", "ts": "1731442537452"}, {"instId": "OKB-USDT", "side": "sell", "sz": "2.5", "px": "44.97", "tradeId": "161237051", "ts": "1731442537461"}, {"instId": "OKB-USDT", "side": "sell", "sz": "5", "px": "44.97", "tradeId": "161237050", "ts": "1731442537461"}, {"instId": "OKB-USDT", "side": "sell", "sz": "6.411953", "px": "44.97", "tradeId": "161237049", "ts": "1731442537461"}, {"instId": "OKB-USDT", "side": "sell", "sz": "1.025039", "px": "44.97", "tradeId": "161237048", "ts": "1731442537461"}, {"instId": "OKB-USDT", "side": "sell", "sz": "0.000003", "px": "44.98", "tradeId": "161237047", "ts": "1731442537461"}, {"instId": "OKB-USDT", "side": "sell", "sz": "3.2", "px": "44.96", "tradeId": "161237055", "ts": "1731442537466"}, {"instId": "OKB-USDT", "side": "sell", "sz": "3.2", "px": "44.96", "tradeId": "161237054", "ts": "1731442537466"}, {"instId": "OKB-USDT", "side": "sell", "sz": "0.168761", "px": "44.96", "tradeId": "161237053", "ts": "1731442537466"}, {"instId": "OKB-USDT", "side": "sell", "sz": "1.127479", "px": "44.96", "tradeId": "161237052", "ts": "1731442537466"}, {"instId": "OKB-USDT", "side": "sell", "sz": "0.174683", "px": "44.95", "tradeId": "161237057", "ts": "1731442550897"}, {"instId": "OKB-USDT", "side": "sell", "sz": "0.193997", "px": "44.95", "tradeId": "161237056", "ts": "1731442550897"}, {"instId": "OKB-USDT", "side": "sell", "sz": "0.481216", "px": "44.94", "tradeId": "161237059", "ts": "1731442559039"}, {"instId": "OKB-USDT", "side": "sell", "sz": "0.277504", "px": "44.94", "tradeId": "161237058", "ts": "1731442559039"}, {"instId": "OKB-USDT", "side": "buy", "sz": "2.371852", "px": "44.94", "tradeId": "161237061", "ts": "1731442559050"}, {"instId": "OKB-USDT", "side": "buy", "sz": "6.253309", "px": "44.94", "tradeId": "161237060", "ts": "1731442559050"}, {"instId": "OKB-USDT", "side": "sell", "sz": "0.153217", "px": "44.95", "tradeId": "161237062", "ts": "1731442576854"}, {"instId": "OKB-USDT", "side": "buy", "sz": "0.781772", "px": "44.99", "tradeId": "161237063", "ts": "1731442588663"}, {"instId": "OKB-USDT", "side": "sell", "sz": "5.066986", "px": "44.92", "tradeId": "161237084", "ts": "1731442598286"}, {"instId": "OKB-USDT", "side": "sell", "sz": "5.10612", "px": "44.92", "tradeId": "161237083", "ts": "1731442598286"}, {"instId": "OKB-USDT", "side": "sell", "sz": "0.15", "px": "44.92", "tradeId": "161237082", "ts": "1731442598286"}, {"instId": "OKB-USDT", "side": "sell", "sz": "0.303602", "px": "44.92", "tradeId": "161237081", "ts": "1731442598286"}, {"instId": "OKB-USDT", "side": "sell", "sz": "1.086317", "px": "44.92", "tradeId": "161237080", "ts": "1731442598286"}, {"instId": "OKB-USDT", "side": "sell", "sz": "0.347298", "px": "44.92", "tradeId": "161237079", "ts": "1731442598286"}, {"instId": "OKB-USDT", "side": "sell", "sz": "0.15", "px": "44.92", "tradeId": "161237078", "ts": "1731442598286"}, {"instId": "OKB-USDT", "side": "sell", "sz": "5.104439", "px": "44.93", "tradeId": "161237077", "ts": "1731442598286"}, {"instId": "OKB-USDT", "side": "sell", "sz": "4.4", "px": "44.93", "tradeId": "161237076", "ts": "1731442598286"}, {"instId": "OKB-USDT", "side": "sell", "sz": "1.5", "px": "44.93", "tradeId": "161237075", "ts": "1731442598286"}, {"instId": "OKB-USDT", "side": "sell", "sz": "3", "px": "44.93", "tradeId": "161237074", "ts": "1731442598286"}, {"instId": "OKB-USDT", "side": "sell", "sz": "0.15", "px": "44.93", "tradeId": "161237073", "ts": "1731442598286"}, {"instId": "OKB-USDT", "side": "sell", "sz": "0.102759", "px": "44.93", "tradeId": "161237072", "ts": "1731442598286"}, {"instId": "OKB-USDT", "side": "sell", "sz": "0.279097", "px": "44.93", "tradeId": "161237071", "ts": "1731442598286"}, {"instId": "OKB-USDT", "side": "sell", "sz": "1.133105", "px": "44.93", "tradeId": "161237070", "ts": "1731442598286"}, {"instId": "OKB-USDT", "side": "sell", "sz": "2.7", "px": "44.94", "tradeId": "161237069", "ts": "1731442598286"}, {"instId": "OKB-USDT", "side": "sell", "sz": "0.15", "px": "44.94", "tradeId": "161237068", "ts": "1731442598286"}, {"instId": "OKB-USDT", "side": "sell", "sz": "3", "px": "44.94", "tradeId": "161237067", "ts": "1731442598286"}, {"instId": "OKB-USDT", "side": "sell", "sz": "3.5", "px": "44.95", "tradeId": "161237066", "ts": "1731442598286"}, {"instId": "OKB-USDT", "side": "sell", "sz": "5.551761", "px": "44.95", "tradeId": "161237065", "ts": "1731442598286"}, {"instId": "OKB-USDT", "side": "sell", "sz": "2.218516", "px": "44.95", "tradeId": "161237064", "ts": "1731442598286"}, {"instId": "OKB-USDT", "side": "sell", "sz": "0.217014", "px": "44.93", "tradeId": "161237085", "ts": "1731442624354"}, {"instId": "OKB-USDT", "side": "buy", "sz": "0.148299", "px": "45.03", "tradeId": "161237103", "ts": "1731442631373"}, {"instId": "OKB-USDT", "side": "buy", "sz": "3", "px": "45.03", "tradeId": "161237102", "ts": "1731442631373"}, {"instId": "OKB-USDT", "side": "buy", "sz": "3", "px": "45.02", "tradeId": "161237101", "ts": "1731442631373"}, {"instId": "OKB-USDT", "side": "buy", "sz": "0.15", "px": "45.02", "tradeId": "161237100", "ts": "1731442631373"}, {"instId": "OKB-USDT", "side": "buy", "sz": "3", "px": "45.01", "tradeId": "161237099", "ts": "1731442631373"}, {"instId": "OKB-USDT", "side": "buy", "sz": "0.15", "px": "45.01", "tradeId": "161237098", "ts": "1731442631373"}, {"instId": "OKB-USDT", "side": "buy", "sz": "0.15", "px": "45.01", "tradeId": "161237097", "ts": "1731442631373"}, {"instId": "OKB-USDT", "side": "buy", "sz": "1.109266", "px": "45", "tradeId": "161237096", "ts": "1731442631373"}, {"instId": "OKB-USDT", "side": "buy", "sz": "0.15", "px": "45", "tradeId": "161237095", "ts": "1731442631373"}, {"instId": "OKB-USDT", "side": "buy", "sz": "0.843138", "px": "45", "tradeId": "161237094", "ts": "1731442631373"}, {"instId": "OKB-USDT", "side": "buy", "sz": "0.15", "px": "44.99", "tradeId": "161237093", "ts": "1731442631373"}, {"instId": "OKB-USDT", "side": "buy", "sz": "0.15", "px": "44.99", "tradeId": "161237092", "ts": "1731442631373"}, {"instId": "OKB-USDT", "side": "buy", "sz": "3.4", "px": "44.99", "tradeId": "161237091", "ts": "1731442631373"}, {"instId": "OKB-USDT", "side": "buy", "sz": "1.59008", "px": "44.99", "tradeId": "161237090", "ts": "1731442631373"}, {"instId": "OKB-USDT", "side": "buy", "sz": "0.15", "px": "44.98", "tradeId": "161237089", "ts": "1731442631373"}, {"instId": "OKB-USDT", "side": "buy", "sz": "0.555016", "px": "44.97", "tradeId": "161237088", "ts": "1731442631373"}, {"instId": "OKB-USDT", "side": "buy", "sz": "2.154969", "px": "44.97", "tradeId": "161237087", "ts": "1731442631373"}, {"instId": "OKB-USDT", "side": "buy", "sz": "2.371852", "px": "44.97", "tradeId": "161237086", "ts": "1731442631373"}, {"instId": "OKB-USDT", "side": "sell", "sz": "0.964124", "px": "44.95", "tradeId": "161237114", "ts": "1731442642776"}, {"instId": "OKB-USDT", "side": "sell", "sz": "0.781774", "px": "44.95", "tradeId": "161237113", "ts": "1731442642776"}, {"instId": "OKB-USDT", "side": "sell", "sz": "2.7", "px": "44.96", "tradeId": "161237112", "ts": "1731442642776"}, {"instId": "OKB-USDT", "side": "sell", "sz": "0.15", "px": "44.96", "tradeId": "161237111", "ts": "1731442642776"}, {"instId": "OKB-USDT", "side": "sell", "sz": "3.6", "px": "44.96", "tradeId": "161237110", "ts": "1731442642776"}, {"instId": "OKB-USDT", "side": "sell", "sz": "2.154969", "px": "44.96", "tradeId": "161237109", "ts": "1731442642776"}, {"instId": "OKB-USDT", "side": "sell", "sz": "3", "px": "44.96", "tradeId": "161237108", "ts": "1731442642776"}, {"instId": "OKB-USDT", "side": "sell", "sz": "0.15", "px": "44.96", "tradeId": "161237107", "ts": "1731442642776"}, {"instId": "OKB-USDT", "side": "sell", "sz": "0.15", "px": "44.97", "tradeId": "161237106", "ts": "1731442642776"}, {"instId": "OKB-USDT", "side": "sell", "sz": "3", "px": "44.97", "tradeId": "161237105", "ts": "1731442642776"}, {"instId": "OKB-USDT", "side": "sell", "sz": "5.54953", "px": "44.97", "tradeId": "161237104", "ts": "1731442642776"}, {"instId": "OKB-USDT", "side": "buy", "sz": "0.721441", "px": "45.08", "tradeId": "161237137", "ts": "1731442651042"}, {"instId": "OKB-USDT", "side": "buy", "sz": "0.34702", "px": "45.08", "tradeId": "161237136", "ts": "1731442651042"}, {"instId": "OKB-USDT", "side": "buy", "sz": "0.277281", "px": "45.08", "tradeId": "161237135", "ts": "1731442651042"}, {"instId": "OKB-USDT", "side": "buy", "sz": "0.15", "px": "45.08", "tradeId": "161237134", "ts": "1731442651042"}, {"instId": "OKB-USDT", "side": "buy", "sz": "1.8", "px": "45.07", "tradeId": "161237133", "ts": "1731442651042"}, {"instId": "OKB-USDT", "side": "buy", "sz": "2.215038", "px": "45.07", "tradeId": "161237132", "ts": "1731442651042"}, {"instId": "OKB-USDT", "side": "buy", "sz": "3", "px": "45.07", "tradeId": "161237131", "ts": "1731442651042"}, {"instId": "OKB-USDT", "side": "buy", "sz": "0.15", "px": "45.07", "tradeId": "161237130", "ts": "1731442651042"}, {"instId": "OKB-USDT", "side": "buy", "sz": "0.15", "px": "45.07", "tradeId": "161237129", "ts": "1731442651042"}, {"instId": "OKB-USDT", "side": "buy", "sz": "1.107911", "px": "45.06", "tradeId": "161237128", "ts": "1731442651042"}, {"instId": "OKB-USDT", "side": "buy", "sz": "0.278887", "px": "45.06", "tradeId": "161237127", "ts": "1731442651042"}, {"instId": "OKB-USDT", "side": "buy", "sz": "3", "px": "45.06", "tradeId": "161237126", "ts": "1731442651042"}, {"instId": "OKB-USDT", "side": "buy", "sz": "0.184373", "px": "45.06", "tradeId": "161237125", "ts": "1731442651042"}, {"instId": "OKB-USDT", "side": "buy", "sz": "0.15", "px": "45.06", "tradeId": "161237124", "ts": "1731442651042"}, {"instId": "OKB-USDT", "side": "buy", "sz": "0.822896", "px": "45.05", "tradeId": "161237123", "ts": "1731442651042"}, {"instId": "OKB-USDT", "side": "buy", "sz": "2.7", "px": "45.05", "tradeId": "161237122", "ts": "1731442651042"}, {"instId": "OKB-USDT", "side": "buy", "sz": "0.15", "px": "45.05", "tradeId": "161237121", "ts": "1731442651042"}, {"instId": "OKB-USDT", "side": "buy", "sz": "3", "px": "45.05", "tradeId": "161237120", "ts": "1731442651042"}, {"instId": "OKB-USDT", "side": "buy", "sz": "0.15", "px": "45.05", "tradeId": "161237119", "ts": "1731442651042"}, {"instId": "OKB-USDT", "side": "buy", "sz": "0.15", "px": "45.04", "tradeId": "161237118", "ts": "1731442651042"}, {"instId": "OKB-USDT", "side": "buy", "sz": "0.554303", "px": "45.03", "tradeId": "161237117", "ts": "1731442651042"}, {"instId": "OKB-USDT", "side": "buy", "sz": "1.132198", "px": "45.03", "tradeId": "161237116", "ts": "1731442651042"}, {"instId": "OKB-USDT", "side": "buy", "sz": "0.001701", "px": "45.03", "tradeId": "161237115", "ts": "1731442651042"}, {"instId": "OKB-USDT", "side": "sell", "sz": "0.155927", "px": "45", "tradeId": "161237138", "ts": "1731442676854"}, {"instId": "OKB-USDT", "side": "sell", "sz": "0.145427", "px": "45", "tradeId": "161237139", "ts": "1731442732854"}, {"instId": "OKB-USDT", "side": "buy", "sz": "1.381641", "px": "45.04", "tradeId": "161237140", "ts": "1731442746663"}, {"instId": "OKB-USDT", "side": "sell", "sz": "0.153355", "px": "45.03", "tradeId": "161237141", "ts": "1731442782354"}, {"instId": "OKB-USDT", "side": "buy", "sz": "0.778642", "px": "45.04", "tradeId": "161237142", "ts": "1731442791177"}, {"instId": "OKB-USDT", "side": "sell", "sz": "3.631503", "px": "45.01", "tradeId": "161237146", "ts": "1731442800890"}, {"instId": "OKB-USDT", "side": "sell", "sz": "3", "px": "45.01", "tradeId": "161237145", "ts": "1731442800890"}, {"instId": "OKB-USDT", "side": "sell", "sz": "0.15", "px": "45.02", "tradeId": "161237144", "ts": "1731442800890"}, {"instId": "OKB-USDT", "side": "sell", "sz": "2.218497", "px": "45.03", "tradeId": "161237143", "ts": "1731442800890"}, {"instId": "OKB-USDT", "side": "sell", "sz": "0.176019", "px": "45.02", "tradeId": "161237147", "ts": "1731442826354"}, {"instId": "OKB-USDT", "side": "buy", "sz": "0.938402", "px": "45.05", "tradeId": "161237148", "ts": "1731442845663"}, {"instId": "OKB-USDT", "side": "sell", "sz": "0.831357", "px": "45", "tradeId": "161237153", "ts": "1731442866305"}, {"instId": "OKB-USDT", "side": "sell", "sz": "3", "px": "45", "tradeId": "161237152", "ts": "1731442866305"}, {"instId": "OKB-USDT", "side": "sell", "sz": "2.226425", "px": "45", "tradeId": "161237151", "ts": "1731442866305"}, {"instId": "OKB-USDT", "side": "sell", "sz": "0.15", "px": "45.01", "tradeId": "161237150", "ts": "1731442866305"}, {"instId": "OKB-USDT", "side": "sell", "sz": "0.895454", "px": "45.02", "tradeId": "161237149", "ts": "1731442866305"}, {"instId": "OKB-USDT", "side": "sell", "sz": "0.43", "px": "45.01", "tradeId": "161237154", "ts": "1731442873120"}, {"instId": "OKB-USDT", "side": "sell", "sz": "0.43", "px": "45.01", "tradeId": "161237155", "ts": "1731442873577"}, {"instId": "OKB-USDT", "side": "sell", "sz": "0.43", "px": "44.99", "tradeId": "161237156", "ts": "1731442873665"}, {"instId": "OKB-USDT", "side": "sell", "sz": "0.43", "px": "45.01", "tradeId": "161237157", "ts": "1731442875218"}, {"instId": "OKB-USDT", "side": "sell", "sz": "0.353073", "px": "44.93", "tradeId": "161237187", "ts": "1731442886676"}, {"instId": "OKB-USDT", "side": "sell", "sz": "3", "px": "44.93", "tradeId": "161237186", "ts": "1731442886676"}, {"instId": "OKB-USDT", "side": "sell", "sz": "0.279097", "px": "44.93", "tradeId": "161237185", "ts": "1731442886676"}, {"instId": "OKB-USDT", "side": "sell", "sz": "1.133105", "px": "44.93", "tradeId": "161237184", "ts": "1731442886676"}, {"instId": "OKB-USDT", "side": "sell", "sz": "3.7", "px": "44.93", "tradeId": "161237183", "ts": "1731442886676"}, {"instId": "OKB-USDT", "side": "sell", "sz": "0.15", "px": "44.93", "tradeId": "161237182", "ts": "1731442886676"}, {"instId": "OKB-USDT", "side": "sell", "sz": "4.436659", "px": "44.94", "tradeId": "161237181", "ts": "1731442886676"}, {"instId": "OKB-USDT", "side": "sell", "sz": "5.404191", "px": "44.94", "tradeId": "161237180", "ts": "1731442886676"}, {"instId": "OKB-USDT", "side": "sell", "sz": "0.277504", "px": "44.94", "tradeId": "161237179", "ts": "1731442886676"}, {"instId": "OKB-USDT", "side": "sell", "sz": "3.7", "px": "44.94", "tradeId": "161237178", "ts": "1731442886676"}, {"instId": "OKB-USDT", "side": "sell", "sz": "0.15", "px": "44.94", "tradeId": "161237177", "ts": "1731442886676"}, {"instId": "OKB-USDT", "side": "sell", "sz": "0.15", "px": "44.94", "tradeId": "161237176", "ts": "1731442886676"}, {"instId": "OKB-USDT", "side": "sell", "sz": "3", "px": "44.94", "tradeId": "161237175", "ts": "1731442886676"}, {"instId": "OKB-USDT", "side": "sell", "sz": "11.105931", "px": "44.95", "tradeId": "161237174", "ts": "1731442886676"}, {"instId": "OKB-USDT", "side": "sell", "sz": "1", "px": "44.95", "tradeId": "161237173", "ts": "1731442886676"}, {"instId": "OKB-USDT", "side": "sell", "sz": "0.15", "px": "44.95", "tradeId": "161237172", "ts": "1731442886676"}, {"instId": "OKB-USDT", "side": "sell", "sz": "2.035876", "px": "44.95", "tradeId": "161237171", "ts": "1731442886676"}, {"instId": "OKB-USDT", "side": "sell", "sz": "0.15", "px": "44.96", "tradeId": "161237170", "ts": "1731442886676"}, {"instId": "OKB-USDT", "side": "sell", "sz": "5.4", "px": "44.96", "tradeId": "161237169", "ts": "1731442886676"}, {"instId": "OKB-USDT", "side": "sell", "sz": "0.15", "px": "44.96", "tradeId": "161237168", "ts": "1731442886676"}, {"instId": "OKB-USDT", "side": "sell", "sz": "3", "px": "44.96", "tradeId": "161237167", "ts": "1731442886676"}, {"instId": "OKB-USDT", "side": "sell", "sz": "5.549732", "px": "44.97", "tradeId": "161237166", "ts": "1731442886676"}, {"instId": "OKB-USDT", "side": "sell", "sz": "0.15", "px": "44.97", "tradeId": "161237165", "ts": "1731442886676"}, {"instId": "OKB-USDT", "side": "sell", "sz": "3", "px": "44.97", "tradeId": "161237164", "ts": "1731442886676"}, {"instId": "OKB-USDT", "side": "sell", "sz": "3.7", "px": "44.98", "tradeId": "161237163", "ts": "1731442886676"}, {"instId": "OKB-USDT", "side": "sell", "sz": "3", "px": "44.98", "tradeId": "161237162", "ts": "1731442886676"}, {"instId": "OKB-USDT", "side": "sell", "sz": "0.15", "px": "44.98", "tradeId": "161237161", "ts": "1731442886676"}, {"instId": "OKB-USDT", "side": "sell", "sz": "0.15", "px": "44.98", "tradeId": "161237160", "ts": "1731442886676"}, {"instId": "OKB-USDT", "side": "sell", "sz": "0.15", "px": "44.99", "tradeId": "161237159", "ts": "1731442886676"}, {"instId": "OKB-USDT", "side": "sell", "sz": "2.160283", "px": "45", "tradeId": "161237158", "ts": "1731442886676"}, {"instId": "OKB-USDT", "side": "buy", "sz": "0.255132", "px": "45", "tradeId": "161237188", "ts": "1731442886725"}, {"instId": "OKB-USDT", "side": "sell", "sz": "0.193477", "px": "44.93", "tradeId": "161237189", "ts": "1731442887354"}, {"instId": "OKB-USDT", "side": "buy", "sz": "0.118836", "px": "44.97", "tradeId": "161237190", "ts": "1731442888493"}, {"instId": "OKB-USDT", "side": "buy", "sz": "1.013094", "px": "44.97", "tradeId": "161237192", "ts": "1731442894016"}, {"instId": "OKB-USDT", "side": "buy", "sz": "2.253016", "px": "44.97", "tradeId": "161237191", "ts": "1731442894016"}, {"instId": "OKB-USDT", "side": "buy", "sz": "0.250955", "px": "44.97", "tradeId": "161237193", "ts": "1731442894382"}, {"instId": "OKB-USDT", "side": "buy", "sz": "0.89092", "px": "44.97", "tradeId": "161237194", "ts": "1731442894387"}, {"instId": "OKB-USDT", "side": "buy", "sz": "0.1", "px": "45", "tradeId": "161237195", "ts": "1731442902469"}, {"instId": "OKB-USDT", "side": "sell", "sz": "0.121803", "px": "44.98", "tradeId": "161237196", "ts": "1731442908490"}, {"instId": "OKB-USDT", "side": "sell", "sz": "0.169737", "px": "44.98", "tradeId": "161237197", "ts": "1731442927354"}, {"instId": "OKB-USDT", "side": "sell", "sz": "0.04846", "px": "44.98", "tradeId": "161237198", "ts": "1731442935221"}, {"instId": "OKB-USDT", "side": "buy", "sz": "0.19871", "px": "45", "tradeId": "161237200", "ts": "1731442949663"}, {"instId": "OKB-USDT", "side": "buy", "sz": "1.109525", "px": "44.99", "tradeId": "161237199", "ts": "1731442949663"}, {"instId": "OKB-USDT", "side": "buy", "sz": "0.491126", "px": "45.05", "tradeId": "161237220", "ts": "1731442957998"}, {"instId": "OKB-USDT", "side": "buy", "sz": "0.15", "px": "45.05", "tradeId": "161237219", "ts": "1731442957998"}, {"instId": "OKB-USDT", "side": "buy", "sz": "0.15", "px": "45.05", "tradeId": "161237218", "ts": "1731442957998"}, {"instId": "OKB-USDT", "side": "buy", "sz": "4.433709", "px": "45.04", "tradeId": "161237217", "ts": "1731442957998"}, {"instId": "OKB-USDT", "side": "buy", "sz": "3", "px": "45.04", "tradeId": "161237216", "ts": "1731442957998"}, {"instId": "OKB-USDT", "side": "buy", "sz": "0.15", "px": "45.04", "tradeId": "161237215", "ts": "1731442957998"}, {"instId": "OKB-USDT", "side": "buy", "sz": "3", "px": "45.03", "tradeId": "161237214", "ts": "1731442957998"}, {"instId": "OKB-USDT", "side": "buy", "sz": "2", "px": "45.03", "tradeId": "161237213", "ts": "1731442957998"}, {"instId": "OKB-USDT", "side": "buy", "sz": "0.15", "px": "45.03", "tradeId": "161237212", "ts": "1731442957998"}, {"instId": "OKB-USDT", "side": "buy", "sz": "0.15", "px": "45.03", "tradeId": "161237211", "ts": "1731442957998"}, {"instId": "OKB-USDT", "side": "buy", "sz": "1.132198", "px": "45.03", "tradeId": "161237210", "ts": "1731442957998"}, {"instId": "OKB-USDT", "side": "buy", "sz": "3.226154", "px": "45.02", "tradeId": "161237209", "ts": "1731442957998"}, {"instId": "OKB-USDT", "side": "buy", "sz": "2.217736", "px": "45.02", "tradeId": "161237208", "ts": "1731442957998"}, {"instId": "OKB-USDT", "side": "buy", "sz": "3.7", "px": "45.02", "tradeId": "161237207", "ts": "1731442957998"}, {"instId": "OKB-USDT", "side": "buy", "sz": "0.15", "px": "45.02", "tradeId": "161237206", "ts": "1731442957998"}, {"instId": "OKB-USDT", "side": "buy", "sz": "2.371852", "px": "45.02", "tradeId": "161237205", "ts": "1731442957998"}, {"instId": "OKB-USDT", "side": "buy", "sz": "0.15", "px": "45.01", "tradeId": "161237204", "ts": "1731442957998"}, {"instId": "OKB-USDT", "side": "buy", "sz": "0.15", "px": "45.01", "tradeId": "161237203", "ts": "1731442957998"}, {"instId": "OKB-USDT", "side": "buy", "sz": "1.109475", "px": "45", "tradeId": "161237202", "ts": "1731442957998"}, {"instId": "OKB-USDT", "side": "buy", "sz": "0.989479", "px": "45", "tradeId": "161237201", "ts": "1731442957998"}, {"instId": "OKB-USDT", "side": "sell", "sz": "0.202202", "px": "44.99", "tradeId": "161237221", "ts": "1731442994854"}, {"instId": "OKB-USDT", "side": "sell", "sz": "3.502898", "px": "44.95", "tradeId": "161237232", "ts": "1731443004898"}, {"instId": "OKB-USDT", "side": "sell", "sz": "3", "px": "44.95", "tradeId": "161237231", "ts": "1731443004898"}, {"instId": "OKB-USDT", "side": "sell", "sz": "0.15", "px": "44.95", "tradeId": "161237230", "ts": "1731443004898"}, {"instId": "OKB-USDT", "side": "sell", "sz": "0.118839", "px": "44.95", "tradeId": "161237229", "ts": "1731443004898"}, {"instId": "OKB-USDT", "side": "sell", "sz": "0.15", "px": "44.96", "tradeId": "161237228", "ts": "1731443004898"}, {"instId": "OKB-USDT", "side": "sell", "sz": "3", "px": "44.96", "tradeId": "161237227", "ts": "1731443004898"}, {"instId": "OKB-USDT", "side": "sell", "sz": "0.15", "px": "44.96", "tradeId": "161237226", "ts": "1731443004898"}, {"instId": "OKB-USDT", "side": "sell", "sz": "0.15", "px": "44.97", "tradeId": "161237225", "ts": "1731443004898"}, {"instId": "OKB-USDT", "side": "sell", "sz": "1.083664", "px": "44.97", "tradeId": "161237224", "ts": "1731443004898"}, {"instId": "OKB-USDT", "side": "sell", "sz": "0.15", "px": "44.98", "tradeId": "161237223", "ts": "1731443004898"}, {"instId": "OKB-USDT", "side": "sell", "sz": "0.276841", "px": "44.99", "tradeId": "161237222", "ts": "1731443004898"}, {"instId": "OKB-USDT", "side": "sell", "sz": "0.465689", "px": "44.95", "tradeId": "161237233", "ts": "1731443016336"}, {"instId": "OKB-USDT", "side": "sell", "sz": "0.221399", "px": "44.97", "tradeId": "161237234", "ts": "1731443041854"}, {"instId": "OKB-USDT", "side": "buy", "sz": "0.15", "px": "45", "tradeId": "161237236", "ts": "1731443062663"}, {"instId": "OKB-USDT", "side": "buy", "sz": "0.479636", "px": "44.99", "tradeId": "161237235", "ts": "1731443062663"}, {"instId": "OKB-USDT", "side": "sell", "sz": "0.750727", "px": "45", "tradeId": "161237237", "ts": "1731443066706"}, {"instId": "OKB-USDT", "side": "sell", "sz": "0.688817", "px": "44.94", "tradeId": "161237239", "ts": "1731443068671"}, {"instId": "OKB-USDT", "side": "sell", "sz": "0.15", "px": "44.94", "tradeId": "161237238", "ts": "1731443068671"}, {"instId": "OKB-USDT", "side": "sell", "sz": "2.1549", "px": "44.94", "tradeId": "161237240", "ts": "1731443076503"}, {"instId": "OKB-USDT", "side": "sell", "sz": "0.000069", "px": "44.94", "tradeId": "161237241", "ts": "1731443076507"}, {"instId": "OKB-USDT", "side": "sell", "sz": "1.1331", "px": "44.93", "tradeId": "161237242", "ts": "1731443076514"}, {"instId": "OKB-USDT", "side": "sell", "sz": "0.479595", "px": "44.93", "tradeId": "161237244", "ts": "1731443077021"}, {"instId": "OKB-USDT", "side": "sell", "sz": "0.000005", "px": "44.93", "tradeId": "161237243", "ts": "1731443077021"}, {"instId": "OKB-USDT", "side": "sell", "sz": "0.438641", "px": "44.93", "tradeId": "161237246", "ts": "1731443100928"}, {"instId": "OKB-USDT", "side": "sell", "sz": "0.000041", "px": "44.93", "tradeId": "161237245", "ts": "1731443100928"}, {"instId": "OKB-USDT", "side": "sell", "sz": "0.180358", "px": "44.93", "tradeId": "161237247", "ts": "1731443106854"}, {"instId": "OKB-USDT", "side": "buy", "sz": "1.008189", "px": "44.95", "tradeId": "161237248", "ts": "1731443169163"}, {"instId": "OKB-USDT", "side": "sell", "sz": "0.22767", "px": "44.93", "tradeId": "161237249", "ts": "1731443180354"}, {"instId": "OKB-USDT", "side": "buy", "sz": "0.606698", "px": "44.99", "tradeId": "161237261", "ts": "1731443226759"}, {"instId": "OKB-USDT", "side": "buy", "sz": "3", "px": "44.99", "tradeId": "161237260", "ts": "1731443226759"}, {"instId": "OKB-USDT", "side": "buy", "sz": "0.308538", "px": "44.99", "tradeId": "161237259", "ts": "1731443226759"}, {"instId": "OKB-USDT", "side": "buy", "sz": "2.219553", "px": "44.98", "tradeId": "161237258", "ts": "1731443226759"}, {"instId": "OKB-USDT", "side": "buy", "sz": "3", "px": "44.98", "tradeId": "161237257", "ts": "1731443226759"}, {"instId": "OKB-USDT", "side": "buy", "sz": "0.15", "px": "44.98", "tradeId": "161237256", "ts": "1731443226759"}, {"instId": "OKB-USDT", "side": "buy", "sz": "3.348858", "px": "44.97", "tradeId": "161237255", "ts": "1731443226759"}, {"instId": "OKB-USDT", "side": "buy", "sz": "0.15", "px": "44.97", "tradeId": "161237254", "ts": "1731443226759"}, {"instId": "OKB-USDT", "side": "buy", "sz": "0.15", "px": "44.97", "tradeId": "161237253", "ts": "1731443226759"}, {"instId": "OKB-USDT", "side": "buy", "sz": "1.210616", "px": "44.97", "tradeId": "161237252", "ts": "1731443226759"}, {"instId": "OKB-USDT", "side": "buy", "sz": "0.308538", "px": "44.97", "tradeId": "161237251", "ts": "1731443226759"}, {"instId": "OKB-USDT", "side": "buy", "sz": "1.110443", "px": "44.96", "tradeId": "161237250", "ts": "1731443226759"}, {"instId": "OKB-USDT", "side": "buy", "sz": "0.152802", "px": "44.97", "tradeId": "161237262", "ts": "1731443230893"}, {"instId": "OKB-USDT", "side": "sell", "sz": "0.162574", "px": "44.95", "tradeId": "161237263", "ts": "1731443240854"}, {"instId": "OKB-USDT", "side": "buy", "sz": "0.173117", "px": "44.97", "tradeId": "161237264", "ts": "1731443248362"}, {"instId": "OKB-USDT", "side": "buy", "sz": "0.519894", "px": "44.97", "tradeId": "161237266", "ts": "1731443249392"}, {"instId": "OKB-USDT", "side": "buy", "sz": "0.784218", "px": "44.97", "tradeId": "161237265", "ts": "1731443249392"}, {"instId": "OKB-USDT", "side": "buy", "sz": "1.110121", "px": "44.97", "tradeId": "161237268", "ts": "1731443257412"}, {"instId": "OKB-USDT", "side": "buy", "sz": "1.644688", "px": "44.97", "tradeId": "161237267", "ts": "1731443257412"}, {"instId": "OKB-USDT", "side": "buy", "sz": "0.91318", "px": "44.98", "tradeId": "161237270", "ts": "1731443273125"}, {"instId": "OKB-USDT", "side": "buy", "sz": "0.538131", "px": "44.98", "tradeId": "161237269", "ts": "1731443273125"}, {"instId": "OKB-USDT", "side": "sell", "sz": "0.4997", "px": "44.97", "tradeId": "161237271", "ts": "1731443273814"}, {"instId": "OKB-USDT", "side": "buy", "sz": "1.109869", "px": "44.98", "tradeId": "161237273", "ts": "1731443281491"}, {"instId": "OKB-USDT", "side": "buy", "sz": "0.761332", "px": "44.98", "tradeId": "161237272", "ts": "1731443281491"}, {"instId": "OKB-USDT", "side": "buy", "sz": "0.837298", "px": "44.99", "tradeId": "161237275", "ts": "1731443281752"}, {"instId": "OKB-USDT", "side": "buy", "sz": "0.162633", "px": "44.99", "tradeId": "161237274", "ts": "1731443281752"}, {"instId": "OKB-USDT", "side": "buy", "sz": "0.41867", "px": "44.99", "tradeId": "161237276", "ts": "1731443281785"}, {"instId": "OKB-USDT", "side": "buy", "sz": "0.638905", "px": "44.99", "tradeId": "161237277", "ts": "1731443281964"}, {"instId": "OKB-USDT", "side": "buy", "sz": "0.418692", "px": "44.99", "tradeId": "161237278", "ts": "1731443281974"}, {"instId": "OKB-USDT", "side": "buy", "sz": "1.109524", "px": "44.99", "tradeId": "161237279", "ts": "1731443282634"}, {"instId": "OKB-USDT", "side": "buy", "sz": "6.643119", "px": "45", "tradeId": "161237280", "ts": "1731443283075"}, {"instId": "OKB-USDT", "side": "buy", "sz": "6.644463", "px": "45", "tradeId": "161237281", "ts": "1731443283084"}, {"instId": "OKB-USDT", "side": "buy", "sz": "0.297755", "px": "45", "tradeId": "161237282", "ts": "1731443283094"}, {"instId": "OKB-USDT", "side": "buy", "sz": "6.644463", "px": "45", "tradeId": "161237283", "ts": "1731443289066"}, {"instId": "OKB-USDT", "side": "buy", "sz": "6.644463", "px": "45", "tradeId": "161237284", "ts": "1731443289077"}, {"instId": "OKB-USDT", "side": "buy", "sz": "0.196828", "px": "45", "tradeId": "161237285", "ts": "1731443289095"}, {"instId": "OKB-USDT", "side": "sell", "sz": "0.243201", "px": "44.97", "tradeId": "161237286", "ts": "1731443292354"}, {"instId": "OKB-USDT", "side": "buy", "sz": "1.718829", "px": "45", "tradeId": "161237287", "ts": "1731443293820"}, {"instId": "OKB-USDT", "side": "buy", "sz": "69.774847", "px": "45", "tradeId": "161237291", "ts": "1731443302401"}, {"instId": "OKB-USDT", "side": "buy", "sz": "25.669238", "px": "44.99", "tradeId": "161237290", "ts": "1731443302401"}, {"instId": "OKB-USDT", "side": "buy", "sz": "90.544362", "px": "44.99", "tradeId": "161237289", "ts": "1731443302401"}, {"instId": "OKB-USDT", "side": "buy", "sz": "14.011553", "px": "44.99", "tradeId": "161237288", "ts": "1731443302401"}, {"instId": "OKB-USDT", "side": "buy", "sz": "68.2433", "px": "45", "tradeId": "161237292", "ts": "1731443302412"}, {"instId": "OKB-USDT", "side": "buy", "sz": "75.6", "px": "45", "tradeId": "161237293", "ts": "1731443302417"}, {"instId": "OKB-USDT", "side": "buy", "sz": "453.6", "px": "45", "tradeId": "161237294", "ts": "1731443302421"}, {"instId": "OKB-USDT", "side": "buy", "sz": "8.252708", "px": "45", "tradeId": "161237295", "ts": "1731443302422"}, {"instId": "OKB-USDT", "side": "buy", "sz": "1.08139", "px": "45", "tradeId": "161237296", "ts": "1731443302424"}, {"instId": "OKB-USDT", "side": "buy", "sz": "18.289342", "px": "45", "tradeId": "161237298", "ts": "1731443302425"}, {"instId": "OKB-USDT", "side": "buy", "sz": "8.675518", "px": "45", "tradeId": "161237297", "ts": "1731443302425"}, {"instId": "OKB-USDT", "side": "buy", "sz": "1.08139", "px": "45", "tradeId": "161237299", "ts": "1731443302429"}, {"instId": "OKB-USDT", "side": "buy", "sz": "0.027967", "px": "45", "tradeId": "161237300", "ts": "1731443302432"}, {"instId": "OKB-USDT", "side": "buy", "sz": "0.298656", "px": "45.03", "tradeId": "161237302", "ts": "1731443304163"}, {"instId": "OKB-USDT", "side": "buy", "sz": "1.132198", "px": "45.03", "tradeId": "161237301", "ts": "1731443304163"}, {"instId": "OKB-USDT", "side": "sell", "sz": "0.89", "px": "45.02", "tradeId": "161237303", "ts": "1731443304827"}, {"instId": "OKB-USDT", "side": "sell", "sz": "0.53", "px": "45.01", "tradeId": "161237304", "ts": "1731443305248"}, {"instId": "OKB-USDT", "side": "sell", "sz": "0.74", "px": "45.01", "tradeId": "161237305", "ts": "1731443305662"}, {"instId": "OKB-USDT", "side": "sell", "sz": "0.51861", "px": "45.02", "tradeId": "161237307", "ts": "1731443307515"}, {"instId": "OKB-USDT", "side": "sell", "sz": "1.08139", "px": "45.02", "tradeId": "161237306", "ts": "1731443307515"}, {"instId": "OKB-USDT", "side": "sell", "sz": "1", "px": "45.01", "tradeId": "161237308", "ts": "1731443307716"}, {"instId": "OKB-USDT", "side": "sell", "sz": "0.43", "px": "45.02", "tradeId": "161237309", "ts": "1731443309301"}, {"instId": "OKB-USDT", "side": "sell", "sz": "0.71", "px": "45.02", "tradeId": "161237310", "ts": "1731443310308"}, {"instId": "OKB-USDT", "side": "sell", "sz": "0.42", "px": "45.02", "tradeId": "161237311", "ts": "1731443310930"}, {"instId": "OKB-USDT", "side": "sell", "sz": "0.6", "px": "45.02", "tradeId": "161237312", "ts": "1731443311305"}, {"instId": "OKB-USDT", "side": "buy", "sz": "0.1", "px": "45.02", "tradeId": "161237313", "ts": "1731443340255"}, {"instId": "OKB-USDT", "side": "sell", "sz": "0.191457", "px": "45", "tradeId": "161237314", "ts": "1731443345854"}, {"instId": "OKB-USDT", "side": "buy", "sz": "1", "px": "45.02", "tradeId": "161237315", "ts": "1731443354301"}, {"instId": "OKB-USDT", "side": "sell", "sz": "1.04435", "px": "44.93", "tradeId": "161237338", "ts": "1731443358011"}, {"instId": "OKB-USDT", "side": "sell", "sz": "0.15", "px": "44.93", "tradeId": "161237337", "ts": "1731443358011"}, {"instId": "OKB-USDT", "side": "sell", "sz": "4.388581", "px": "44.94", "tradeId": "161237336", "ts": "1731443358011"}, {"instId": "OKB-USDT", "side": "sell", "sz": "0.15", "px": "44.94", "tradeId": "161237335", "ts": "1731443358011"}, {"instId": "OKB-USDT", "side": "sell", "sz": "3", "px": "44.94", "tradeId": "161237334", "ts": "1731443358011"}, {"instId": "OKB-USDT", "side": "sell", "sz": "0.15", "px": "44.94", "tradeId": "161237333", "ts": "1731443358011"}, {"instId": "OKB-USDT", "side": "sell", "sz": "11.104848", "px": "44.95", "tradeId": "161237332", "ts": "1731443358011"}, {"instId": "OKB-USDT", "side": "sell", "sz": "3", "px": "44.95", "tradeId": "161237331", "ts": "1731443358011"}, {"instId": "OKB-USDT", "side": "sell", "sz": "0.15", "px": "44.95", "tradeId": "161237330", "ts": "1731443358011"}, {"instId": "OKB-USDT", "side": "sell", "sz": "3", "px": "44.96", "tradeId": "161237329", "ts": "1731443358011"}, {"instId": "OKB-USDT", "side": "sell", "sz": "5.586986", "px": "44.96", "tradeId": "161237328", "ts": "1731443358011"}, {"instId": "OKB-USDT", "side": "sell", "sz": "0.15", "px": "44.96", "tradeId": "161237327", "ts": "1731443358011"}, {"instId": "OKB-USDT", "side": "sell", "sz": "0.15", "px": "44.96", "tradeId": "161237326", "ts": "1731443358011"}, {"instId": "OKB-USDT", "side": "sell", "sz": "1", "px": "44.97", "tradeId": "161237325", "ts": "1731443358011"}, {"instId": "OKB-USDT", "side": "sell", "sz": "5.549178", "px": "44.97", "tradeId": "161237324", "ts": "1731443358011"}, {"instId": "OKB-USDT", "side": "sell", "sz": "4.2", "px": "44.97", "tradeId": "161237323", "ts": "1731443358011"}, {"instId": "OKB-USDT", "side": "sell", "sz": "3", "px": "44.97", "tradeId": "161237322", "ts": "1731443358011"}, {"instId": "OKB-USDT", "side": "sell", "sz": "0.15", "px": "44.97", "tradeId": "161237321", "ts": "1731443358011"}, {"instId": "OKB-USDT", "side": "sell", "sz": "0.15", "px": "44.98", "tradeId": "161237320", "ts": "1731443358011"}, {"instId": "OKB-USDT", "side": "sell", "sz": "0.15", "px": "44.98", "tradeId": "161237319", "ts": "1731443358011"}, {"instId": "OKB-USDT", "side": "sell", "sz": "3", "px": "44.98", "tradeId": "161237318", "ts": "1731443358011"}, {"instId": "OKB-USDT", "side": "sell", "sz": "0.15", "px": "44.99", "tradeId": "161237317", "ts": "1731443358011"}, {"instId": "OKB-USDT", "side": "sell", "sz": "0.701005", "px": "45", "tradeId": "161237316", "ts": "1731443358011"}, {"instId": "OKB-USDT", "side": "buy", "sz": "0.462", "px": "45", "tradeId": "161237339", "ts": "1731443391156"}, {"instId": "OKB-USDT", "side": "sell", "sz": "0.184664", "px": "44.98", "tradeId": "161237340", "ts": "1731443394854"}, {"instId": "OKB-USDT", "side": "sell", "sz": "0.113992", "px": "44.98", "tradeId": "161237341", "ts": "1731443402240"}, {"instId": "OKB-USDT", "side": "buy", "sz": "0.623989", "px": "45", "tradeId": "161237343", "ts": "1731443407403"}, {"instId": "OKB-USDT", "side": "buy", "sz": "0.442429", "px": "44.98", "tradeId": "161237342", "ts": "1731443407403"}, {"instId": "OKB-USDT", "side": "buy", "sz": "0.298604", "px": "45.02", "tradeId": "161237345", "ts": "1731443414663"}, {"instId": "OKB-USDT", "side": "buy", "sz": "1.109123", "px": "45.01", "tradeId": "161237344", "ts": "1731443414663"}, {"instId": "OKB-USDT", "side": "buy", "sz": "0.735909", "px": "45.06", "tradeId": "161237360", "ts": "1731443420867"}, {"instId": "OKB-USDT", "side": "buy", "sz": "0.278887", "px": "45.06", "tradeId": "161237359", "ts": "1731443420867"}, {"instId": "OKB-USDT", "side": "buy", "sz": "0.15", "px": "45.06", "tradeId": "161237358", "ts": "1731443420867"}, {"instId": "OKB-USDT", "side": "buy", "sz": "3", "px": "45.05", "tradeId": "161237357", "ts": "1731443420867"}, {"instId": "OKB-USDT", "side": "buy", "sz": "0.15", "px": "45.05", "tradeId": "161237356", "ts": "1731443420867"}, {"instId": "OKB-USDT", "side": "buy", "sz": "0.15", "px": "45.05", "tradeId": "161237355", "ts": "1731443420867"}, {"instId": "OKB-USDT", "side": "buy", "sz": "2.216408", "px": "45.04", "tradeId": "161237354", "ts": "1731443420867"}, {"instId": "OKB-USDT", "side": "buy", "sz": "3", "px": "45.04", "tradeId": "161237353", "ts": "1731443420867"}, {"instId": "OKB-USDT", "side": "buy", "sz": "3.5", "px": "45.04", "tradeId": "161237352", "ts": "1731443420867"}, {"instId": "OKB-USDT", "side": "buy", "sz": "4.388605", "px": "45.04", "tradeId": "161237351", "ts": "1731443420867"}, {"instId": "OKB-USDT", "side": "buy", "sz": "0.15", "px": "45.04", "tradeId": "161237350", "ts": "1731443420867"}, {"instId": "OKB-USDT", "side": "buy", "sz": "0.15", "px": "45.03", "tradeId": "161237349", "ts": "1731443420867"}, {"instId": "OKB-USDT", "side": "buy", "sz": "0.15", "px": "45.03", "tradeId": "161237348", "ts": "1731443420867"}, {"instId": "OKB-USDT", "side": "buy", "sz": "1.108788", "px": "45.02", "tradeId": "161237347", "ts": "1731443420867"}, {"instId": "OKB-USDT", "side": "buy", "sz": "0.871403", "px": "45.02", "tradeId": "161237346", "ts": "1731443420867"}, {"instId": "OKB-USDT", "side": "sell", "sz": "0.071739", "px": "44.97", "tradeId": "161237362", "ts": "1731443435854"}, {"instId": "OKB-USDT", "side": "sell", "sz": "0.15", "px": "44.98", "tradeId": "161237361", "ts": "1731443435854"}, {"instId": "OKB-USDT", "side": "sell", "sz": "0.136", "px": "45", "tradeId": "161237363", "ts": "1731443438592"}, {"instId": "OKB-USDT", "side": "buy", "sz": "0.371029", "px": "45.01", "tradeId": "161237364", "ts": "1731443465806"}, {"instId": "OKB-USDT", "side": "buy", "sz": "0.648246", "px": "45.06", "tradeId": "161237375", "ts": "1731443486098"}, {"instId": "OKB-USDT", "side": "buy", "sz": "3.7", "px": "45.06", "tradeId": "161237374", "ts": "1731443486098"}, {"instId": "OKB-USDT", "side": "buy", "sz": "0.15", "px": "45.05", "tradeId": "161237373", "ts": "1731443486098"}, {"instId": "OKB-USDT", "side": "buy", "sz": "0.15", "px": "45.05", "tradeId": "161237372", "ts": "1731443486098"}, {"instId": "OKB-USDT", "side": "buy", "sz": "3", "px": "45.05", "tradeId": "161237371", "ts": "1731443486098"}, {"instId": "OKB-USDT", "side": "buy", "sz": "0.15", "px": "45.04", "tradeId": "161237370", "ts": "1731443486098"}, {"instId": "OKB-USDT", "side": "buy", "sz": "1.108706", "px": "45.03", "tradeId": "161237369", "ts": "1731443486098"}, {"instId": "OKB-USDT", "side": "buy", "sz": "0.15", "px": "45.03", "tradeId": "161237368", "ts": "1731443486098"}, {"instId": "OKB-USDT", "side": "buy", "sz": "0.15", "px": "45.03", "tradeId": "161237367", "ts": "1731443486098"}, {"instId": "OKB-USDT", "side": "buy", "sz": "0.15", "px": "45.02", "tradeId": "161237366", "ts": "1731443486098"}, {"instId": "OKB-USDT", "side": "buy", "sz": "0.275272", "px": "45.01", "tradeId": "161237365", "ts": "1731443486098"}, {"instId": "OKB-USDT", "side": "sell", "sz": "0.185818", "px": "45.02", "tradeId": "161237376", "ts": "1731443488854"}, {"instId": "OKB-USDT", "side": "buy", "sz": "1.01", "px": "45.05", "tradeId": "161237377", "ts": "1731443494265"}, {"instId": "OKB-USDT", "side": "buy", "sz": "0.858997", "px": "45.05", "tradeId": "161237378", "ts": "1731443514163"}, {"instId": "OKB-USDT", "side": "sell", "sz": "0.149966", "px": "45.02", "tradeId": "161237380", "ts": "1731443543103"}, {"instId": "OKB-USDT", "side": "sell", "sz": "2.186034", "px": "45.02", "tradeId": "161237379", "ts": "1731443543103"}, {"instId": "OKB-USDT", "side": "sell", "sz": "0.149959", "px": "45", "tradeId": "161237383", "ts": "1731443553640"}, {"instId": "OKB-USDT", "side": "sell", "sz": "3.261966", "px": "45", "tradeId": "161237382", "ts": "1731443553640"}, {"instId": "OKB-USDT", "side": "sell", "sz": "0.000075", "px": "45", "tradeId": "161237381", "ts": "1731443553640"}, {"instId": "OKB-USDT", "side": "sell", "sz": "0.162221", "px": "44.97", "tradeId": "161237384", "ts": "1731443557854"}, {"instId": "OKB-USDT", "side": "buy", "sz": "0.1", "px": "45", "tradeId": "161237385", "ts": "1731443561273"}, {"instId": "OKB-USDT", "side": "sell", "sz": "0.161989", "px": "44.97", "tradeId": "161237386", "ts": "1731443608854"}, {"instId": "OKB-USDT", "side": "buy", "sz": "1.197586", "px": "45", "tradeId": "161237387", "ts": "1731443659163"}, {"instId": "OKB-USDT", "side": "buy", "sz": "0.34", "px": "45", "tradeId": "161237388", "ts": "1731443660023"}, {"instId": "OKB-USDT", "side": "sell", "sz": "0.182973", "px": "44.99", "tradeId": "161237389", "ts": "1731443661854"}, {"instId": "OKB-USDT", "side": "buy", "sz": "0.151169", "px": "45", "tradeId": "161237390", "ts": "1731443662483"}, {"instId": "OKB-USDT", "side": "sell", "sz": "0.259144", "px": "44.99", "tradeId": "161237391", "ts": "1731443670460"}, {"instId": "OKB-USDT", "side": "buy", "sz": "0.664303", "px": "45", "tradeId": "161237392", "ts": "1731443674900"}, {"instId": "OKB-USDT", "side": "sell", "sz": "0.10801", "px": "44.99", "tradeId": "161237393", "ts": "1731443691940"}, {"instId": "OKB-USDT", "side": "sell", "sz": "0.168157", "px": "44.99", "tradeId": "161237394", "ts": "1731443735854"}, {"instId": "OKB-USDT", "side": "sell", "sz": "0.285582", "px": "44.99", "tradeId": "161237395", "ts": "1731443754000"}, {"instId": "OKB-USDT", "side": "buy", "sz": "0.80085", "px": "45", "tradeId": "161237397", "ts": "1731443767663"}, {"instId": "OKB-USDT", "side": "buy", "sz": "0.101978", "px": "45", "tradeId": "161237396", "ts": "1731443767663"}, {"instId": "OKB-USDT", "side": "sell", "sz": "0.218001", "px": "45", "tradeId": "161237398", "ts": "1731443779354"}, {"instId": "OKB-USDT", "side": "buy", "sz": "0.12", "px": "45.03", "tradeId": "161237399", "ts": "1731443816774"}, {"instId": "OKB-USDT", "side": "buy", "sz": "0.765247", "px": "45.03", "tradeId": "161237401", "ts": "1731443833248"}, {"instId": "OKB-USDT", "side": "buy", "sz": "0.03", "px": "45.03", "tradeId": "161237400", "ts": "1731443833248"}, {"instId": "OKB-USDT", "side": "sell", "sz": "0.256195", "px": "45", "tradeId": "161237402", "ts": "1731443838854"}, {"instId": "OKB-USDT", "side": "sell", "sz": "0.224886", "px": "45", "tradeId": "161237403", "ts": "1731443879354"}, {"instId": "OKB-USDT", "side": "sell", "sz": "0.139628", "px": "45", "tradeId": "161237404", "ts": "1731443891583"}, {"instId": "OKB-USDT", "side": "sell", "sz": "0.149903", "px": "44.99", "tradeId": "161237407", "ts": "1731443909958"}, {"instId": "OKB-USDT", "side": "sell", "sz": "0.111135", "px": "44.99", "tradeId": "161237406", "ts": "1731443909958"}, {"instId": "OKB-USDT", "side": "sell", "sz": "0.192562", "px": "44.99", "tradeId": "161237405", "ts": "1731443909958"}, {"instId": "OKB-USDT", "side": "sell", "sz": "0.149903", "px": "44.98", "tradeId": "161237410", "ts": "1731443909996"}, {"instId": "OKB-USDT", "side": "sell", "sz": "0.15", "px": "44.98", "tradeId": "161237409", "ts": "1731443909996"}, {"instId": "OKB-USDT", "side": "sell", "sz": "0.000097", "px": "44.99", "tradeId": "161237408", "ts": "1731443909996"}, {"instId": "OKB-USDT", "side": "sell", "sz": "0.000097", "px": "44.98", "tradeId": "161237411", "ts": "1731443910000"}, {"instId": "OKB-USDT", "side": "sell", "sz": "0.223695", "px": "44.97", "tradeId": "161237412", "ts": "1731443919354"}, {"instId": "OKB-USDT", "side": "buy", "sz": "0.781556", "px": "44.98", "tradeId": "161237413", "ts": "1731443943163"}, {"instId": "OKB-USDT", "side": "sell", "sz": "0.164059", "px": "44.98", "tradeId": "161237414", "ts": "1731443966854"}, {"instId": "OKB-USDT", "side": "sell", "sz": "4.76394", "px": "44.95", "tradeId": "161237422", "ts": "1731443976180"}, {"instId": "OKB-USDT", "side": "sell", "sz": "0.15", "px": "44.95", "tradeId": "161237421", "ts": "1731443976180"}, {"instId": "OKB-USDT", "side": "sell", "sz": "0.15", "px": "44.96", "tradeId": "161237420", "ts": "1731443976180"}, {"instId": "OKB-USDT", "side": "sell", "sz": "0.15", "px": "44.96", "tradeId": "161237419", "ts": "1731443976180"}, {"instId": "OKB-USDT", "side": "sell", "sz": "3", "px": "44.96", "tradeId": "161237418", "ts": "1731443976180"}, {"instId": "OKB-USDT", "side": "sell", "sz": "0.15", "px": "44.97", "tradeId": "161237417", "ts": "1731443976180"}, {"instId": "OKB-USDT", "side": "sell", "sz": "0.172008", "px": "44.97", "tradeId": "161237416", "ts": "1731443976180"}, {"instId": "OKB-USDT", "side": "sell", "sz": "0.60115", "px": "44.98", "tradeId": "161237415", "ts": "1731443976180"}, {"instId": "OKB-USDT", "side": "sell", "sz": "0.087816", "px": "44.96", "tradeId": "161237424", "ts": "1731444019354"}, {"instId": "OKB-USDT", "side": "sell", "sz": "0.15", "px": "44.96", "tradeId": "161237423", "ts": "1731444019354"}, {"instId": "OKB-USDT", "side": "buy", "sz": "0.049671", "px": "45.01", "tradeId": "161237427", "ts": "1731444072163"}, {"instId": "OKB-USDT", "side": "buy", "sz": "0.645655", "px": "45", "tradeId": "161237426", "ts": "1731444072163"}, {"instId": "OKB-USDT", "side": "buy", "sz": "0.089546", "px": "45", "tradeId": "161237425", "ts": "1731444072163"}, {"instId": "OKB-USDT", "side": "sell", "sz": "0.259802", "px": "44.99", "tradeId": "161237428", "ts": "1731444074354"}, {"instId": "OKB-USDT", "side": "buy", "sz": "0.34", "px": "45.04", "tradeId": "161237429", "ts": "1731444092393"}, {"instId": "OKB-USDT", "side": "buy", "sz": "1.914345", "px": "45.05", "tradeId": "161237435", "ts": "1731444096770"}, {"instId": "OKB-USDT", "side": "buy", "sz": "0.15", "px": "45.05", "tradeId": "161237434", "ts": "1731444096770"}, {"instId": "OKB-USDT", "side": "buy", "sz": "0.15", "px": "45.05", "tradeId": "161237433", "ts": "1731444096770"}, {"instId": "OKB-USDT", "side": "buy", "sz": "5.04", "px": "45.04", "tradeId": "161237432", "ts": "1731444096770"}, {"instId": "OKB-USDT", "side": "buy", "sz": "1.108659", "px": "45.04", "tradeId": "161237431", "ts": "1731444096770"}, {"instId": "OKB-USDT", "side": "buy", "sz": "2.031852", "px": "45.04", "tradeId": "161237430", "ts": "1731444096770"}, {"instId": "OKB-USDT", "side": "sell", "sz": "0.163233", "px": "45.02", "tradeId": "161237436", "ts": "1731444118854"}, {"instId": "OKB-USDT", "side": "buy", "sz": "2.15645", "px": "45.04", "tradeId": "161237437", "ts": "1731444134320"}, {"instId": "OKB-USDT", "side": "sell", "sz": "0.295289", "px": "45.02", "tradeId": "161237438", "ts": "1731444145531"}, {"instId": "OKB-USDT", "side": "sell", "sz": "0.212664", "px": "45.04", "tradeId": "161237439", "ts": "1731444175354"}, {"instId": "OKB-USDT", "side": "buy", "sz": "0.382594", "px": "45.06", "tradeId": "161237442", "ts": "1731444186663"}, {"instId": "OKB-USDT", "side": "buy", "sz": "0.646815", "px": "45.06", "tradeId": "161237441", "ts": "1731444186663"}, {"instId": "OKB-USDT", "side": "buy", "sz": "0.340018", "px": "45.06", "tradeId": "161237440", "ts": "1731444186663"}, {"instId": "OKB-USDT", "side": "buy", "sz": "0.34", "px": "45.05", "tradeId": "161237443", "ts": "1731444203629"}, {"instId": "OKB-USDT", "side": "sell", "sz": "0.247025", "px": "45.04", "tradeId": "161237444", "ts": "1731444225354"}, {"instId": "OKB-USDT", "side": "sell", "sz": "0.646815", "px": "45.04", "tradeId": "161237446", "ts": "1731444225358"}, {"instId": "OKB-USDT", "side": "sell", "sz": "1.760559", "px": "45.04", "tradeId": "161237445", "ts": "1731444225358"}, {"instId": "OKB-USDT", "side": "sell", "sz": "0.15", "px": "45.02", "tradeId": "161237448", "ts": "1731444237763"}, {"instId": "OKB-USDT", "side": "sell", "sz": "1.913313", "px": "45.02", "tradeId": "161237447", "ts": "1731444237763"}, {"instId": "OKB-USDT", "side": "sell", "sz": "0.256377", "px": "45", "tradeId": "161237449", "ts": "1731444295354"}, {"instId": "OKB-USDT", "side": "buy", "sz": "2.167068", "px": "45.07", "tradeId": "161237463", "ts": "1731444351409"}, {"instId": "OKB-USDT", "side": "buy", "sz": "0.15", "px": "45.07", "tradeId": "161237462", "ts": "1731444351409"}, {"instId": "OKB-USDT", "side": "buy", "sz": "0.90924", "px": "45.07", "tradeId": "161237461", "ts": "1731444351409"}, {"instId": "OKB-USDT", "side": "buy", "sz": "3", "px": "45.06", "tradeId": "161237460", "ts": "1731444351409"}, {"instId": "OKB-USDT", "side": "buy", "sz": "0.15", "px": "45.06", "tradeId": "161237459", "ts": "1731444351409"}, {"instId": "OKB-USDT", "side": "buy", "sz": "2.21662", "px": "45.05", "tradeId": "161237458", "ts": "1731444351409"}, {"instId": "OKB-USDT", "side": "buy", "sz": "0.15", "px": "45.05", "tradeId": "161237457", "ts": "1731444351409"}, {"instId": "OKB-USDT", "side": "buy", "sz": "0.15", "px": "45.05", "tradeId": "161237456", "ts": "1731444351409"}, {"instId": "OKB-USDT", "side": "buy", "sz": "0.56924", "px": "45.05", "tradeId": "161237455", "ts": "1731444351409"}, {"instId": "OKB-USDT", "side": "buy", "sz": "0.15", "px": "45.04", "tradeId": "161237454", "ts": "1731444351409"}, {"instId": "OKB-USDT", "side": "buy", "sz": "1.108829", "px": "45.03", "tradeId": "161237453", "ts": "1731444351409"}, {"instId": "OKB-USDT", "side": "buy", "sz": "0.15", "px": "45.03", "tradeId": "161237452", "ts": "1731444351409"}, {"instId": "OKB-USDT", "side": "buy", "sz": "0.636174", "px": "45.02", "tradeId": "161237451", "ts": "1731444351409"}, {"instId": "OKB-USDT", "side": "buy", "sz": "0.062009", "px": "45.02", "tradeId": "161237450", "ts": "1731444351409"}, {"instId": "OKB-USDT", "side": "sell", "sz": "0.14367", "px": "45.02", "tradeId": "161237464", "ts": "1731444357854"}, {"instId": "OKB-USDT", "side": "buy", "sz": "0.159734", "px": "45.04", "tradeId": "161237466", "ts": "1731444361163"}, {"instId": "OKB-USDT", "side": "buy", "sz": "1.108513", "px": "45.04", "tradeId": "161237465", "ts": "1731444361163"}, {"instId": "OKB-USDT", "side": "sell", "sz": "0.240461", "px": "45.01", "tradeId": "161237467", "ts": "1731444417354"}, {"instId": "OKB-USDT", "side": "sell", "sz": "0.154261", "px": "45.01", "tradeId": "161237468", "ts": "1731444465854"}, {"instId": "OKB-USDT", "side": "buy", "sz": "1.017439", "px": "45.03", "tradeId": "161237469", "ts": "1731444469163"}, {"instId": "OKB-USDT", "side": "buy", "sz": "0.1", "px": "45.03", "tradeId": "161237470", "ts": "1731444506367"}, {"instId": "OKB-USDT", "side": "sell", "sz": "0.203802", "px": "45.01", "tradeId": "161237471", "ts": "1731444519354"}, {"instId": "OKB-USDT", "side": "buy", "sz": "0.040234", "px": "45.04", "tradeId": "161237473", "ts": "1731444529044"}, {"instId": "OKB-USDT", "side": "buy", "sz": "0.185486", "px": "45.03", "tradeId": "161237472", "ts": "1731444529044"}, {"instId": "OKB-USDT", "side": "buy", "sz": "0.1", "px": "45.04", "tradeId": "161237474", "ts": "1731444540999"}, {"instId": "OKB-USDT", "side": "buy", "sz": "0.096548", "px": "45.04", "tradeId": "161237476", "ts": "1731444580304"}, {"instId": "OKB-USDT", "side": "buy", "sz": "0.337488", "px": "45.04", "tradeId": "161237475", "ts": "1731444580304"}, {"instId": "OKB-USDT", "side": "sell", "sz": "0.162627", "px": "45.01", "tradeId": "161237477", "ts": "1731444587854"}, {"instId": "OKB-USDT", "side": "sell", "sz": "0.332871", "px": "45.01", "tradeId": "161237478", "ts": "1731444588732"}, {"instId": "OKB-USDT", "side": "buy", "sz": "1.108545", "px": "45.04", "tradeId": "161237480", "ts": "1731444602155"}, {"instId": "OKB-USDT", "side": "buy", "sz": "3.744771", "px": "45.04", "tradeId": "161237479", "ts": "1731444602155"}, {"instId": "OKB-USDT", "side": "buy", "sz": "2.59189", "px": "45.07", "tradeId": "161237486", "ts": "1731444604893"}, {"instId": "OKB-USDT", "side": "buy", "sz": "0.15", "px": "45.07", "tradeId": "161237485", "ts": "1731444604893"}, {"instId": "OKB-USDT", "side": "buy", "sz": "0.15", "px": "45.07", "tradeId": "161237484", "ts": "1731444604893"}, {"instId": "OKB-USDT", "side": "buy", "sz": "1.10811", "px": "45.06", "tradeId": "161237483", "ts": "1731444604893"}, {"instId": "OKB-USDT", "side": "buy", "sz": "0.477982", "px": "45.06", "tradeId": "161237482", "ts": "1731444604893"}, {"instId": "OKB-USDT", "side": "buy", "sz": "1.260484", "px": "45.06", "tradeId": "161237481", "ts": "1731444604893"}, {"instId": "OKB-USDT", "side": "buy", "sz": "0.623646", "px": "45.08", "tradeId": "161237488", "ts": "1731444605163"}, {"instId": "OKB-USDT", "side": "buy", "sz": "0.277281", "px": "45.08", "tradeId": "161237487", "ts": "1731444605163"}, {"instId": "OKB-USDT", "side": "buy", "sz": "0.477851", "px": "45.08", "tradeId": "161237495", "ts": "1731444607524"}, {"instId": "OKB-USDT", "side": "buy", "sz": "5.04", "px": "45.08", "tradeId": "161237494", "ts": "1731444607524"}, {"instId": "OKB-USDT", "side": "buy", "sz": "3", "px": "45.08", "tradeId": "161237493", "ts": "1731444607524"}, {"instId": "OKB-USDT", "side": "buy", "sz": "2", "px": "45.08", "tradeId": "161237492", "ts": "1731444607524"}, {"instId": "OKB-USDT", "side": "buy", "sz": "1.8", "px": "45.08", "tradeId": "161237491", "ts": "1731444607524"}, {"instId": "OKB-USDT", "side": "buy", "sz": "1.176354", "px": "45.08", "tradeId": "161237490", "ts": "1731444607524"}, {"instId": "OKB-USDT", "side": "buy", "sz": "1.107887", "px": "45.07", "tradeId": "161237489", "ts": "1731444607524"}, {"instId": "OKB-USDT", "side": "buy", "sz": "1.107383", "px": "45.09", "tradeId": "161237500", "ts": "1731444609858"}, {"instId": "OKB-USDT", "side": "buy", "sz": "2.151071", "px": "45.09", "tradeId": "161237499", "ts": "1731444609858"}, {"instId": "OKB-USDT", "side": "buy", "sz": "0.1", "px": "45.09", "tradeId": "161237498", "ts": "1731444609858"}, {"instId": "OKB-USDT", "side": "buy", "sz": "0.133067", "px": "45.09", "tradeId": "161237497", "ts": "1731444609858"}, {"instId": "OKB-USDT", "side": "buy", "sz": "1.8", "px": "45.09", "tradeId": "161237496", "ts": "1731444609858"}, {"instId": "OKB-USDT", "side": "buy", "sz": "2.6", "px": "45.11", "tradeId": "161237506", "ts": "1731444620035"}, {"instId": "OKB-USDT", "side": "buy", "sz": "1.106966", "px": "45.11", "tradeId": "161237505", "ts": "1731444620035"}, {"instId": "OKB-USDT", "side": "buy", "sz": "6.52337", "px": "45.11", "tradeId": "161237504", "ts": "1731444620035"}, {"instId": "OKB-USDT", "side": "buy", "sz": "0.15", "px": "45.11", "tradeId": "161237503", "ts": "1731444620035"}, {"instId": "OKB-USDT", "side": "buy", "sz": "0.15", "px": "45.11", "tradeId": "161237502", "ts": "1731444620035"}, {"instId": "OKB-USDT", "side": "buy", "sz": "0.636537", "px": "45.1", "tradeId": "161237501", "ts": "1731444620035"}, {"instId": "OKB-USDT", "side": "sell", "sz": "1.1", "px": "45.11", "tradeId": "161237507", "ts": "1731444620060"}, {"instId": "OKB-USDT", "side": "sell", "sz": "0.242475", "px": "45.09", "tradeId": "161237508", "ts": "1731444629400"}, {"instId": "OKB-USDT", "side": "sell", "sz": "0.219179", "px": "45.09", "tradeId": "161237509", "ts": "1731444633354"}, {"instId": "OKB-USDT", "side": "sell", "sz": "2.371852", "px": "45.1", "tradeId": "161237510", "ts": "1731444652768"}, {"instId": "OKB-USDT", "side": "sell", "sz": "3.130963", "px": "45.09", "tradeId": "161237511", "ts": "1731444652776"}, {"instId": "OKB-USDT", "side": "buy", "sz": "1.107857", "px": "45.07", "tradeId": "161237513", "ts": "1731444668267"}, {"instId": "OKB-USDT", "side": "buy", "sz": "1.701682", "px": "45.06", "tradeId": "161237512", "ts": "1731444668267"}, {"instId": "OKB-USDT", "side": "sell", "sz": "19.3547", "px": "45.07", "tradeId": "161237514", "ts": "1731444668276"}, {"instId": "OKB-USDT", "side": "sell", "sz": "0.000023", "px": "45.07", "tradeId": "161237515", "ts": "1731444668285"}, {"instId": "OKB-USDT", "side": "sell", "sz": "0.18014", "px": "45.05", "tradeId": "161237516", "ts": "1731444684354"}, {"instId": "OKB-USDT", "side": "sell", "sz": "1.9709", "px": "45.05", "tradeId": "161237517", "ts": "1731444703632"}, {"instId": "OKB-USDT", "side": "sell", "sz": "0.000031", "px": "45.05", "tradeId": "161237518", "ts": "1731444703646"}, {"instId": "OKB-USDT", "side": "buy", "sz": "0.14074", "px": "45.08", "tradeId": "161237522", "ts": "1731444711663"}, {"instId": "OKB-USDT", "side": "buy", "sz": "0.15", "px": "45.08", "tradeId": "161237521", "ts": "1731444711663"}, {"instId": "OKB-USDT", "side": "buy", "sz": "0.553969", "px": "45.07", "tradeId": "161237520", "ts": "1731444711663"}, {"instId": "OKB-USDT", "side": "buy", "sz": "0.15", "px": "45.07", "tradeId": "161237519", "ts": "1731444711663"}, {"instId": "OKB-USDT", "side": "buy", "sz": "0.130286", "px": "45.08", "tradeId": "161237525", "ts": "1731444750277"}, {"instId": "OKB-USDT", "side": "buy", "sz": "0.168319", "px": "45.08", "tradeId": "161237524", "ts": "1731444750277"}, {"instId": "OKB-USDT", "side": "buy", "sz": "0.553892", "px": "45.07", "tradeId": "161237523", "ts": "1731444750277"}, {"instId": "OKB-USDT", "side": "sell", "sz": "0.171957", "px": "45.04", "tradeId": "161237526", "ts": "1731444756854"}, {"instId": "OKB-USDT", "side": "sell", "sz": "1", "px": "45.04", "tradeId": "161237527", "ts": "1731444797201"}, {"instId": "OKB-USDT", "side": "sell", "sz": "0.246004", "px": "45.04", "tradeId": "161237528", "ts": "1731444825854"}, {"instId": "OKB-USDT", "side": "sell", "sz": "0.46", "px": "45.04", "tradeId": "161237529", "ts": "1731444830474"}, {"instId": "OKB-USDT", "side": "buy", "sz": "0.15", "px": "45.07", "tradeId": "161237532", "ts": "1731444851163"}, {"instId": "OKB-USDT", "side": "buy", "sz": "0.553971", "px": "45.07", "tradeId": "161237531", "ts": "1731444851163"}, {"instId": "OKB-USDT", "side": "buy", "sz": "0.172043", "px": "45.06", "tradeId": "161237530", "ts": "1731444851163"}, {"instId": "OKB-USDT", "side": "sell", "sz": "0.1197", "px": "45.07", "tradeId": "161237533", "ts": "1731444851176"}, {"instId": "OKB-USDT", "side": "sell", "sz": "0.000091", "px": "45.07", "tradeId": "161237534", "ts": "1731444851179"}, {"instId": "OKB-USDT", "side": "buy", "sz": "2.283166", "px": "45.09", "tradeId": "161237541", "ts": "1731444869070"}, {"instId": "OKB-USDT", "side": "buy", "sz": "0.15", "px": "45.08", "tradeId": "161237540", "ts": "1731444869070"}, {"instId": "OKB-USDT", "side": "buy", "sz": "3", "px": "45.08", "tradeId": "161237539", "ts": "1731444869070"}, {"instId": "OKB-USDT", "side": "buy", "sz": "5.04", "px": "45.08", "tradeId": "161237538", "ts": "1731444869070"}, {"instId": "OKB-USDT", "side": "buy", "sz": "0.15", "px": "45.07", "tradeId": "161237537", "ts": "1731444869070"}, {"instId": "OKB-USDT", "side": "buy", "sz": "0.554063", "px": "45.06", "tradeId": "161237536", "ts": "1731444869070"}, {"instId": "OKB-USDT", "side": "buy", "sz": "1.53396", "px": "45.06", "tradeId": "161237535", "ts": "1731444869070"}, {"instId": "OKB-USDT", "side": "sell", "sz": "0.24651", "px": "45.05", "tradeId": "161237542", "ts": "1731444886854"}, {"instId": "OKB-USDT", "side": "buy", "sz": "0.205646", "px": "45.09", "tradeId": "161237546", "ts": "1731444916987"}, {"instId": "OKB-USDT", "side": "buy", "sz": "0.088686", "px": "45.09", "tradeId": "161237545", "ts": "1731444916987"}, {"instId": "OKB-USDT", "side": "buy", "sz": "0.15", "px": "45.08", "tradeId": "161237544", "ts": "1731444916987"}, {"instId": "OKB-USDT", "side": "buy", "sz": "0.55395", "px": "45.07", "tradeId": "161237543", "ts": "1731444916987"}, {"instId": "OKB-USDT", "side": "buy", "sz": "0.271047", "px": "45.07", "tradeId": "161237547", "ts": "1731444950982"}, {"instId": "OKB-USDT", "side": "buy", "sz": "0.226154", "px": "45.07", "tradeId": "161237548", "ts": "1731444955022"}, {"instId": "OKB-USDT", "side": "sell", "sz": "0.241296", "px": "45.06", "tradeId": "161237549", "ts": "1731444956354"}, {"instId": "OKB-USDT", "side": "sell", "sz": "4.21047", "px": "45.01", "tradeId": "161237563", "ts": "1731444957461"}, {"instId": "OKB-USDT", "side": "sell", "sz": "0.15", "px": "45.01", "tradeId": "161237562", "ts": "1731444957461"}, {"instId": "OKB-USDT", "side": "sell", "sz": "0.554464", "px": "45.02", "tradeId": "161237561", "ts": "1731444957461"}, {"instId": "OKB-USDT", "side": "sell", "sz": "3", "px": "45.02", "tradeId": "161237560", "ts": "1731444957461"}, {"instId": "OKB-USDT", "side": "sell", "sz": "0.15", "px": "45.02", "tradeId": "161237559", "ts": "1731444957461"}, {"instId": "OKB-USDT", "side": "sell", "sz": "2.371768", "px": "45.02", "tradeId": "161237558", "ts": "1731444957461"}, {"instId": "OKB-USDT", "side": "sell", "sz": "0.15", "px": "45.02", "tradeId": "161237557", "ts": "1731444957461"}, {"instId": "OKB-USDT", "side": "sell", "sz": "3", "px": "45.03", "tradeId": "161237556", "ts": "1731444957461"}, {"instId": "OKB-USDT", "side": "sell", "sz": "0.15", "px": "45.03", "tradeId": "161237555", "ts": "1731444957461"}, {"instId": "OKB-USDT", "side": "sell", "sz": "0.15", "px": "45.04", "tradeId": "161237554", "ts": "1731444957461"}, {"instId": "OKB-USDT", "side": "sell", "sz": "0.15", "px": "45.04", "tradeId": "161237553", "ts": "1731444957461"}, {"instId": "OKB-USDT", "side": "sell", "sz": "0.15", "px": "45.05", "tradeId": "161237552", "ts": "1731444957461"}, {"instId": "OKB-USDT", "side": "sell", "sz": "0.636537", "px": "45.05", "tradeId": "161237551", "ts": "1731444957461"}, {"instId": "OKB-USDT", "side": "sell", "sz": "2.130556", "px": "45.06", "tradeId": "161237550", "ts": "1731444957461"}, {"instId": "OKB-USDT", "side": "buy", "sz": "1.087096", "px": "45.05", "tradeId": "161237564", "ts": "1731444960770"}, {"instId": "OKB-USDT", "side": "sell", "sz": "0.41302", "px": "45.03", "tradeId": "161237566", "ts": "1731444967810"}, {"instId": "OKB-USDT", "side": "sell", "sz": "0.66837", "px": "45.03", "tradeId": "161237565", "ts": "1731444967810"}, {"instId": "OKB-USDT", "side": "sell", "sz": "1.08139", "px": "45.03", "tradeId": "161237567", "ts": "1731444967820"}, {"instId": "OKB-USDT", "side": "sell", "sz": "0.66204", "px": "45.03", "tradeId": "161237568", "ts": "1731444967825"}, {"instId": "OKB-USDT", "side": "sell", "sz": "1.022934", "px": "45.02", "tradeId": "161237569", "ts": "1731444967852"}, {"instId": "OKB-USDT", "side": "sell", "sz": "1.08139", "px": "45.01", "tradeId": "161237570", "ts": "1731444967856"}, {"instId": "OKB-USDT", "side": "buy", "sz": "0.893255", "px": "45.02", "tradeId": "161237571", "ts": "1731444985663"}, {"instId": "OKB-USDT", "side": "sell", "sz": "1.2344", "px": "45.01", "tradeId": "161237572", "ts": "1731445008509"}, {"instId": "OKB-USDT", "side": "sell", "sz": "0.000047", "px": "45.01", "tradeId": "161237573", "ts": "1731445008528"}, {"instId": "OKB-USDT", "side": "sell", "sz": "19.193883", "px": "45", "tradeId": "161237575", "ts": "1731445008532"}, {"instId": "OKB-USDT", "side": "sell", "sz": "1.110617", "px": "45", "tradeId": "161237574", "ts": "1731445008532"}, {"instId": "OKB-USDT", "side": "sell", "sz": "0.000083", "px": "45", "tradeId": "161237576", "ts": "1731445008536"}, {"instId": "OKB-USDT", "side": "sell", "sz": "0.038101", "px": "44.95", "tradeId": "161237578", "ts": "1731445009354"}, {"instId": "OKB-USDT", "side": "sell", "sz": "0.15", "px": "44.96", "tradeId": "161237577", "ts": "1731445009354"}, {"instId": "OKB-USDT", "side": "sell", "sz": "0.242124", "px": "44.98", "tradeId": "161237579", "ts": "1731445050854"}, {"instId": "OKB-USDT", "side": "sell", "sz": "0.004211", "px": "44.97", "tradeId": "161237581", "ts": "1731445100354"}, {"instId": "OKB-USDT", "side": "sell", "sz": "0.235727", "px": "44.98", "tradeId": "161237580", "ts": "1731445100354"}, {"instId": "OKB-USDT", "side": "sell", "sz": "0.4779", "px": "44.97", "tradeId": "161237582", "ts": "1731445111289"}, {"instId": "OKB-USDT", "side": "sell", "sz": "0.000082", "px": "44.97", "tradeId": "161237583", "ts": "1731445111298"}, {"instId": "OKB-USDT", "side": "sell", "sz": "0.15", "px": "44.96", "tradeId": "161237584", "ts": "1731445111302"}, {"instId": "OKB-USDT", "side": "buy", "sz": "0.890022", "px": "44.97", "tradeId": "161237586", "ts": "1731445121163"}, {"instId": "OKB-USDT", "side": "buy", "sz": "0.099919", "px": "44.97", "tradeId": "161237585", "ts": "1731445121163"}, {"instId": "OKB-USDT", "side": "buy", "sz": "2.371852", "px": "44.99", "tradeId": "161237587", "ts": "1731445140483"}, {"instId": "OKB-USDT", "side": "sell", "sz": "0.220205", "px": "44.99", "tradeId": "161237588", "ts": "1731445153354"}, {"instId": "OKB-USDT", "side": "sell", "sz": "0.4172", "px": "44.99", "tradeId": "161237589", "ts": "1731445162058"}, {"instId": "OKB-USDT", "side": "sell", "sz": "0.000051", "px": "44.99", "tradeId": "161237590", "ts": "1731445162059"}, {"instId": "OKB-USDT", "side": "sell", "sz": "1.217604", "px": "44.98", "tradeId": "161237591", "ts": "1731445164153"}, {"instId": "OKB-USDT", "side": "sell", "sz": "0.6361", "px": "44.98", "tradeId": "161237594", "ts": "1731445168152"}, {"instId": "OKB-USDT", "side": "sell", "sz": "0.15", "px": "44.98", "tradeId": "161237593", "ts": "1731445168152"}, {"instId": "OKB-USDT", "side": "sell", "sz": "1.5", "px": "44.98", "tradeId": "161237592", "ts": "1731445168152"}, {"instId": "OKB-USDT", "side": "sell", "sz": "0.000074", "px": "44.98", "tradeId": "161237595", "ts": "1731445168156"}, {"instId": "OKB-USDT", "side": "sell", "sz": "3.7", "px": "44.97", "tradeId": "161237597", "ts": "1731445168161"}, {"instId": "OKB-USDT", "side": "sell", "sz": "5.202365", "px": "44.97", "tradeId": "161237596", "ts": "1731445168161"}, {"instId": "OKB-USDT", "side": "buy", "sz": "0.476563", "px": "44.98", "tradeId": "161237598", "ts": "1731445187897"}, {"instId": "OKB-USDT", "side": "sell", "sz": "0.19798", "px": "44.97", "tradeId": "161237599", "ts": "1731445196854"}, {"instId": "OKB-USDT", "side": "buy", "sz": "0.554752", "px": "45", "tradeId": "161237602", "ts": "1731445198673"}, {"instId": "OKB-USDT", "side": "buy", "sz": "0.478528", "px": "44.99", "tradeId": "161237601", "ts": "1731445198673"}, {"instId": "OKB-USDT", "side": "buy", "sz": "1.432268", "px": "44.99", "tradeId": "161237600", "ts": "1731445198673"}, {"instId": "OKB-USDT", "side": "sell", "sz": "1.6", "px": "45", "tradeId": "161237603", "ts": "1731445200981"}, {"instId": "OKB-USDT", "side": "sell", "sz": "2.1737", "px": "45.02", "tradeId": "161237604", "ts": "1731445203295"}, {"instId": "OKB-USDT", "side": "sell", "sz": "0.000053", "px": "45.02", "tradeId": "161237605", "ts": "1731445203298"}, {"instId": "OKB-USDT", "side": "buy", "sz": "0.555308", "px": "45.02", "tradeId": "161237606", "ts": "1731445209599"}, {"instId": "OKB-USDT", "side": "buy", "sz": "0.111061", "px": "45.02", "tradeId": "161237607", "ts": "1731445210387"}, {"instId": "OKB-USDT", "side": "buy", "sz": "0.111037", "px": "45.03", "tradeId": "161237608", "ts": "1731445216608"}, {"instId": "OKB-USDT", "side": "buy", "sz": "0.107705", "px": "45.03", "tradeId": "161237609", "ts": "1731445222877"}, {"instId": "OKB-USDT", "side": "buy", "sz": "0.15", "px": "45.04", "tradeId": "161237612", "ts": "1731445248318"}, {"instId": "OKB-USDT", "side": "buy", "sz": "0.554384", "px": "45.03", "tradeId": "161237611", "ts": "1731445248318"}, {"instId": "OKB-USDT", "side": "buy", "sz": "1.936564", "px": "45.03", "tradeId": "161237610", "ts": "1731445248318"}, {"instId": "OKB-USDT", "side": "sell", "sz": "0.6663", "px": "45.05", "tradeId": "161237613", "ts": "1731445250709"}, {"instId": "OKB-USDT", "side": "sell", "sz": "0.15", "px": "45.04", "tradeId": "161237614", "ts": "1731445250713"}, {"instId": "OKB-USDT", "side": "buy", "sz": "3", "px": "45.07", "tradeId": "161237621", "ts": "1731445253963"}, {"instId": "OKB-USDT", "side": "buy", "sz": "0.15", "px": "45.07", "tradeId": "161237620", "ts": "1731445253963"}, {"instId": "OKB-USDT", "side": "buy", "sz": "0.15", "px": "45.07", "tradeId": "161237619", "ts": "1731445253963"}, {"instId": "OKB-USDT", "side": "buy", "sz": "2.371852", "px": "45.07", "tradeId": "161237618", "ts": "1731445253963"}, {"instId": "OKB-USDT", "side": "buy", "sz": "0.15", "px": "45.06", "tradeId": "161237617", "ts": "1731445253963"}, {"instId": "OKB-USDT", "side": "buy", "sz": "0.638873", "px": "45.06", "tradeId": "161237616", "ts": "1731445253963"}, {"instId": "OKB-USDT", "side": "buy", "sz": "0.554183", "px": "45.05", "tradeId": "161237615", "ts": "1731445253963"}, {"instId": "OKB-USDT", "side": "sell", "sz": "43.7113", "px": "45.07", "tradeId": "161237622", "ts": "1731445254858"}, {"instId": "OKB-USDT", "side": "sell", "sz": "18.2379", "px": "45.07", "tradeId": "161237623", "ts": "1731445254860"}, {"instId": "OKB-USDT", "side": "sell", "sz": "0.000036", "px": "45.07", "tradeId": "161237624", "ts": "1731445254862"}, {"instId": "OKB-USDT", "side": "sell", "sz": "0.1609", "px": "45.04", "tradeId": "161237625", "ts": "1731445263855"}, {"instId": "OKB-USDT", "side": "buy", "sz": "0.757183", "px": "45.07", "tradeId": "161237627", "ts": "1731445265663"}, {"instId": "OKB-USDT", "side": "buy", "sz": "0.554012", "px": "45.06", "tradeId": "161237626", "ts": "1731445265663"}, {"instId": "OKB-USDT", "side": "sell", "sz": "0.107597", "px": "45.04", "tradeId": "161237628", "ts": "1731445279859"}, {"instId": "OKB-USDT", "side": "sell", "sz": "0.15568", "px": "45.04", "tradeId": "161237629", "ts": "1731445305354"}, {"instId": "OKB-USDT", "side": "sell", "sz": "2.999927", "px": "45.04", "tradeId": "161237631", "ts": "1731445351687"}, {"instId": "OKB-USDT", "side": "sell", "sz": "0.638873", "px": "45.04", "tradeId": "161237630", "ts": "1731445351687"}, {"instId": "OKB-USDT", "side": "sell", "sz": "0.000073", "px": "45.04", "tradeId": "161237632", "ts": "1731445351690"}, {"instId": "OKB-USDT", "side": "sell", "sz": "0.061348", "px": "45.01", "tradeId": "161237634", "ts": "1731445363854"}, {"instId": "OKB-USDT", "side": "sell", "sz": "0.15", "px": "45.01", "tradeId": "161237633", "ts": "1731445363854"}, {"instId": "OKB-USDT", "side": "buy", "sz": "15.964361", "px": "45.09", "tradeId": "161237650", "ts": "1731445380295"}, {"instId": "OKB-USDT", "side": "buy", "sz": "3", "px": "45.08", "tradeId": "161237649", "ts": "1731445380295"}, {"instId": "OKB-USDT", "side": "buy", "sz": "0.15", "px": "45.08", "tradeId": "161237648", "ts": "1731445380295"}, {"instId": "OKB-USDT", "side": "buy", "sz": "0.15", "px": "45.07", "tradeId": "161237647", "ts": "1731445380295"}, {"instId": "OKB-USDT", "side": "buy", "sz": "1.107926", "px": "45.07", "tradeId": "161237646", "ts": "1731445380295"}, {"instId": "OKB-USDT", "side": "buy", "sz": "3", "px": "45.07", "tradeId": "161237645", "ts": "1731445380295"}, {"instId": "OKB-USDT", "side": "buy", "sz": "0.15", "px": "45.07", "tradeId": "161237644", "ts": "1731445380295"}, {"instId": "OKB-USDT", "side": "buy", "sz": "0.033517", "px": "45.07", "tradeId": "161237643", "ts": "1731445380295"}, {"instId": "OKB-USDT", "side": "buy", "sz": "0.15", "px": "45.06", "tradeId": "161237642", "ts": "1731445380295"}, {"instId": "OKB-USDT", "side": "buy", "sz": "0.15", "px": "45.05", "tradeId": "161237641", "ts": "1731445380295"}, {"instId": "OKB-USDT", "side": "buy", "sz": "0.15", "px": "45.05", "tradeId": "161237640", "ts": "1731445380295"}, {"instId": "OKB-USDT", "side": "buy", "sz": "0.457731", "px": "45.05", "tradeId": "161237639", "ts": "1731445380295"}, {"instId": "OKB-USDT", "side": "buy", "sz": "0.15", "px": "45.04", "tradeId": "161237638", "ts": "1731445380295"}, {"instId": "OKB-USDT", "side": "buy", "sz": "0.554364", "px": "45.04", "tradeId": "161237637", "ts": "1731445380295"}, {"instId": "OKB-USDT", "side": "buy", "sz": "0.636651", "px": "45.04", "tradeId": "161237636", "ts": "1731445380295"}, {"instId": "OKB-USDT", "side": "buy", "sz": "1.08139", "px": "45.03", "tradeId": "161237635", "ts": "1731445380295"}, {"instId": "OKB-USDT", "side": "buy", "sz": "0.255568", "px": "45.07", "tradeId": "161237654", "ts": "1731445388421"}, {"instId": "OKB-USDT", "side": "buy", "sz": "0.15", "px": "45.06", "tradeId": "161237653", "ts": "1731445388421"}, {"instId": "OKB-USDT", "side": "buy", "sz": "0.15", "px": "45.05", "tradeId": "161237652", "ts": "1731445388421"}, {"instId": "OKB-USDT", "side": "buy", "sz": "0.554286", "px": "45.04", "tradeId": "161237651", "ts": "1731445388421"}, {"instId": "OKB-USDT", "side": "buy", "sz": "0.427116", "px": "45.06", "tradeId": "161237658", "ts": "1731445405163"}, {"instId": "OKB-USDT", "side": "buy", "sz": "0.15", "px": "45.06", "tradeId": "161237657", "ts": "1731445405163"}, {"instId": "OKB-USDT", "side": "buy", "sz": "0.554278", "px": "45.05", "tradeId": "161237656", "ts": "1731445405163"}, {"instId": "OKB-USDT", "side": "buy", "sz": "0.15", "px": "45.05", "tradeId": "161237655", "ts": "1731445405163"}, {"instId": "OKB-USDT", "side": "sell", "sz": "0.229462", "px": "45.01", "tradeId": "161237659", "ts": "1731445423354"}, {"instId": "OKB-USDT", "side": "sell", "sz": "0.149994", "px": "45.01", "tradeId": "161237661", "ts": "1731445436178"}, {"instId": "OKB-USDT", "side": "sell", "sz": "2.155306", "px": "45.01", "tradeId": "161237660", "ts": "1731445436178"}, {"instId": "OKB-USDT", "side": "sell", "sz": "0.15", "px": "44.98", "tradeId": "161237662", "ts": "1731445448120"}, {"instId": "OKB-USDT", "side": "sell", "sz": "0.15", "px": "44.97", "tradeId": "161237663", "ts": "1731445448196"}, {"instId": "OKB-USDT", "side": "sell", "sz": "3.7", "px": "44.96", "tradeId": "161237666", "ts": "1731445448207"}, {"instId": "OKB-USDT", "side": "sell", "sz": "0.15", "px": "44.96", "tradeId": "161237665", "ts": "1731445448207"}, {"instId": "OKB-USDT", "side": "sell", "sz": "0.15", "px": "44.96", "tradeId": "161237664", "ts": "1731445448207"}, {"instId": "OKB-USDT", "side": "buy", "sz": "0.243577", "px": "44.99", "tradeId": "161237674", "ts": "1731445452584"}, {"instId": "OKB-USDT", "side": "buy", "sz": "0.15", "px": "44.99", "tradeId": "161237673", "ts": "1731445452584"}, {"instId": "OKB-USDT", "side": "buy", "sz": "0.15", "px": "44.99", "tradeId": "161237672", "ts": "1731445452584"}, {"instId": "OKB-USDT", "side": "buy", "sz": "3", "px": "44.99", "tradeId": "161237671", "ts": "1731445452584"}, {"instId": "OKB-USDT", "side": "buy", "sz": "5.04", "px": "44.99", "tradeId": "161237670", "ts": "1731445452584"}, {"instId": "OKB-USDT", "side": "buy", "sz": "0.15", "px": "44.98", "tradeId": "161237669", "ts": "1731445452584"}, {"instId": "OKB-USDT", "side": "buy", "sz": "3", "px": "44.98", "tradeId": "161237668", "ts": "1731445452584"}, {"instId": "OKB-USDT", "side": "buy", "sz": "0.257318", "px": "44.95", "tradeId": "161237667", "ts": "1731445452584"}, {"instId": "OKB-USDT", "side": "sell", "sz": "1.124601", "px": "44.95", "tradeId": "161237675", "ts": "1731445464290"}, {"instId": "OKB-USDT", "side": "buy", "sz": "0.11147", "px": "44.96", "tradeId": "161237676", "ts": "1731445472859"}, {"instId": "OKB-USDT", "side": "sell", "sz": "0.15949", "px": "44.96", "tradeId": "161237677", "ts": "1731445485854"}, {"instId": "OKB-USDT", "side": "sell", "sz": "0.163386", "px": "44.96", "tradeId": "161237678", "ts": "1731445527854"}, {"instId": "OKB-USDT", "side": "buy", "sz": "1.177686", "px": "44.99", "tradeId": "161237679", "ts": "1731445539663"}, {"instId": "OKB-USDT", "side": "sell", "sz": "1.088291", "px": "44.96", "tradeId": "161237681", "ts": "1731445549519"}, {"instId": "OKB-USDT", "side": "sell", "sz": "1.714979", "px": "44.96", "tradeId": "161237680", "ts": "1731445549519"}, {"instId": "OKB-USDT", "side": "sell", "sz": "0.317754", "px": "44.96", "tradeId": "161237682", "ts": "1731445553330"}, {"instId": "OKB-USDT", "side": "sell", "sz": "0.15", "px": "44.96", "tradeId": "161237685", "ts": "1731445571675"}, {"instId": "OKB-USDT", "side": "sell", "sz": "0.758537", "px": "44.96", "tradeId": "161237684", "ts": "1731445571675"}, {"instId": "OKB-USDT", "side": "sell", "sz": "1.177627", "px": "44.97", "tradeId": "161237683", "ts": "1731445571675"}, {"instId": "OKB-USDT", "side": "sell", "sz": "0.636596", "px": "44.94", "tradeId": "161237687", "ts": "1731445584578"}, {"instId": "OKB-USDT", "side": "sell", "sz": "0.277504", "px": "44.94", "tradeId": "161237686", "ts": "1731445584578"}, {"instId": "OKB-USDT", "side": "sell", "sz": "0.234083", "px": "44.93", "tradeId": "161237689", "ts": "1731445585354"}, {"instId": "OKB-USDT", "side": "sell", "sz": "0.000055", "px": "44.94", "tradeId": "161237688", "ts": "1731445585354"}, {"instId": "OKB-USDT", "side": "sell", "sz": "0.154734", "px": "44.93", "tradeId": "161237690", "ts": "1731445627354"}, {"instId": "OKB-USDT", "side": "buy", "sz": "0.849774", "px": "44.95", "tradeId": "161237691", "ts": "1731445648663"}, {"instId": "OKB-USDT", "side": "sell", "sz": "2.932157", "px": "44.88", "tradeId": "161237737", "ts": "1731445650766"}, {"instId": "OKB-USDT", "side": "sell", "sz": "11.00467", "px": "44.88", "tradeId": "161237736", "ts": "1731445650766"}, {"instId": "OKB-USDT", "side": "sell", "sz": "4.74184", "px": "44.88", "tradeId": "161237735", "ts": "1731445650766"}, {"instId": "OKB-USDT", "side": "sell", "sz": "3", "px": "44.88", "tradeId": "161237734", "ts": "1731445650766"}, {"instId": "OKB-USDT", "side": "sell", "sz": "0.15", "px": "44.88", "tradeId": "161237733", "ts": "1731445650766"}, {"instId": "OKB-USDT", "side": "sell", "sz": "4.7", "px": "44.88", "tradeId": "161237732", "ts": "1731445650766"}, {"instId": "OKB-USDT", "side": "sell", "sz": "0.137976", "px": "44.88", "tradeId": "161237731", "ts": "1731445650766"}, {"instId": "OKB-USDT", "side": "sell", "sz": "0.102933", "px": "44.88", "tradeId": "161237730", "ts": "1731445650766"}, {"instId": "OKB-USDT", "side": "sell", "sz": "0.229708", "px": "44.88", "tradeId": "161237729", "ts": "1731445650766"}, {"instId": "OKB-USDT", "side": "sell", "sz": "0.15", "px": "44.88", "tradeId": "161237728", "ts": "1731445650766"}, {"instId": "OKB-USDT", "side": "sell", "sz": "5.87858", "px": "44.89", "tradeId": "161237727", "ts": "1731445650766"}, {"instId": "OKB-USDT", "side": "sell", "sz": "3", "px": "44.89", "tradeId": "161237726", "ts": "1731445650766"}, {"instId": "OKB-USDT", "side": "sell", "sz": "0.15", "px": "44.89", "tradeId": "161237725", "ts": "1731445650766"}, {"instId": "OKB-USDT", "side": "sell", "sz": "4.7", "px": "44.89", "tradeId": "161237724", "ts": "1731445650766"}, {"instId": "OKB-USDT", "side": "sell", "sz": "0.235273", "px": "44.89", "tradeId": "161237723", "ts": "1731445650766"}, {"instId": "OKB-USDT", "side": "sell", "sz": "0.236553", "px": "44.89", "tradeId": "161237722", "ts": "1731445650766"}, {"instId": "OKB-USDT", "side": "sell", "sz": "0.239205", "px": "44.89", "tradeId": "161237721", "ts": "1731445650766"}, {"instId": "OKB-USDT", "side": "sell", "sz": "3", "px": "44.9", "tradeId": "161237720", "ts": "1731445650766"}, {"instId": "OKB-USDT", "side": "sell", "sz": "4.7", "px": "44.9", "tradeId": "161237719", "ts": "1731445650766"}, {"instId": "OKB-USDT", "side": "sell", "sz": "3.5", "px": "44.9", "tradeId": "161237718", "ts": "1731445650766"}, {"instId": "OKB-USDT", "side": "sell", "sz": "3.5", "px": "44.9", "tradeId": "161237717", "ts": "1731445650766"}, {"instId": "OKB-USDT", "side": "sell", "sz": "0.15", "px": "44.9", "tradeId": "161237716", "ts": "1731445650766"}, {"instId": "OKB-USDT", "side": "sell", "sz": "2.085784", "px": "44.9", "tradeId": "161237715", "ts": "1731445650766"}, {"instId": "OKB-USDT", "side": "sell", "sz": "0.115845", "px": "44.9", "tradeId": "161237714", "ts": "1731445650766"}, {"instId": "OKB-USDT", "side": "sell", "sz": "0.15", "px": "44.9", "tradeId": "161237713", "ts": "1731445650766"}, {"instId": "OKB-USDT", "side": "sell", "sz": "3", "px": "44.91", "tradeId": "161237712", "ts": "1731445650766"}, {"instId": "OKB-USDT", "side": "sell", "sz": "5.160489", "px": "44.91", "tradeId": "161237711", "ts": "1731445650766"}, {"instId": "OKB-USDT", "side": "sell", "sz": "5.55818", "px": "44.91", "tradeId": "161237710", "ts": "1731445650766"}, {"instId": "OKB-USDT", "side": "sell", "sz": "2.7", "px": "44.91", "tradeId": "161237709", "ts": "1731445650766"}, {"instId": "OKB-USDT", "side": "sell", "sz": "3.7", "px": "44.91", "tradeId": "161237708", "ts": "1731445650766"}, {"instId": "OKB-USDT", "side": "sell", "sz": "3.7", "px": "44.91", "tradeId": "161237707", "ts": "1731445650766"}, {"instId": "OKB-USDT", "side": "sell", "sz": "0.15", "px": "44.91", "tradeId": "161237706", "ts": "1731445650766"}, {"instId": "OKB-USDT", "side": "sell", "sz": "1.670007", "px": "44.91", "tradeId": "161237705", "ts": "1731445650766"}, {"instId": "OKB-USDT", "side": "sell", "sz": "6.526307", "px": "44.91", "tradeId": "161237704", "ts": "1731445650766"}, {"instId": "OKB-USDT", "side": "sell", "sz": "3.7", "px": "44.92", "tradeId": "161237703", "ts": "1731445650766"}, {"instId": "OKB-USDT", "side": "sell", "sz": "3.7", "px": "44.92", "tradeId": "161237702", "ts": "1731445650766"}, {"instId": "OKB-USDT", "side": "sell", "sz": "5.533894", "px": "44.92", "tradeId": "161237701", "ts": "1731445650766"}, {"instId": "OKB-USDT", "side": "sell", "sz": "0.15", "px": "44.92", "tradeId": "161237700", "ts": "1731445650766"}, {"instId": "OKB-USDT", "side": "sell", "sz": "3.5", "px": "44.92", "tradeId": "161237699", "ts": "1731445650766"}, {"instId": "OKB-USDT", "side": "sell", "sz": "0.15", "px": "44.92", "tradeId": "161237698", "ts": "1731445650766"}, {"instId": "OKB-USDT", "side": "sell", "sz": "0.347298", "px": "44.92", "tradeId": "161237697", "ts": "1731445650766"}, {"instId": "OKB-USDT", "side": "sell", "sz": "0.893255", "px": "44.93", "tradeId": "161237696", "ts": "1731445650766"}, {"instId": "OKB-USDT", "side": "sell", "sz": "0.279097", "px": "44.93", "tradeId": "161237695", "ts": "1731445650766"}, {"instId": "OKB-USDT", "side": "sell", "sz": "1.133105", "px": "44.93", "tradeId": "161237694", "ts": "1731445650766"}, {"instId": "OKB-USDT", "side": "sell", "sz": "1.8", "px": "44.93", "tradeId": "161237693", "ts": "1731445650766"}, {"instId": "OKB-USDT", "side": "sell", "sz": "0.166833", "px": "44.93", "tradeId": "161237692", "ts": "1731445650766"}, {"instId": "OKB-USDT", "side": "sell", "sz": "0.849732", "px": "44.89", "tradeId": "161237738", "ts": "1731445650771"}, {"instId": "OKB-USDT", "side": "sell", "sz": "0.150768", "px": "44.88", "tradeId": "161237739", "ts": "1731445686354"}, {"instId": "OKB-USDT", "side": "sell", "sz": "5.563388", "px": "44.87", "tradeId": "161237747", "ts": "1731445693884"}, {"instId": "OKB-USDT", "side": "sell", "sz": "4.912908", "px": "44.87", "tradeId": "161237746", "ts": "1731445693884"}, {"instId": "OKB-USDT", "side": "sell", "sz": "3.7", "px": "44.87", "tradeId": "161237745", "ts": "1731445693884"}, {"instId": "OKB-USDT", "side": "sell", "sz": "0.15", "px": "44.87", "tradeId": "161237744", "ts": "1731445693884"}, {"instId": "OKB-USDT", "side": "sell", "sz": "0.284025", "px": "44.87", "tradeId": "161237743", "ts": "1731445693884"}, {"instId": "OKB-USDT", "side": "sell", "sz": "0.403509", "px": "44.87", "tradeId": "161237742", "ts": "1731445693884"}, {"instId": "OKB-USDT", "side": "sell", "sz": "0.15", "px": "44.88", "tradeId": "161237741", "ts": "1731445693884"}, {"instId": "OKB-USDT", "side": "sell", "sz": "2.0126", "px": "44.88", "tradeId": "161237740", "ts": "1731445693884"}, {"instId": "OKB-USDT", "side": "sell", "sz": "3", "px": "44.88", "tradeId": "161237748", "ts": "1731445696206"}, {"instId": "OKB-USDT", "side": "sell", "sz": "0.15", "px": "44.86", "tradeId": "161237761", "ts": "1731445698337"}, {"instId": "OKB-USDT", "side": "sell", "sz": "0.15", "px": "44.86", "tradeId": "161237760", "ts": "1731445698337"}, {"instId": "OKB-USDT", "side": "sell", "sz": "3", "px": "44.86", "tradeId": "161237759", "ts": "1731445698337"}, {"instId": "OKB-USDT", "side": "sell", "sz": "3.7", "px": "44.86", "tradeId": "161237758", "ts": "1731445698337"}, {"instId": "OKB-USDT", "side": "sell", "sz": "8.80787", "px": "44.86", "tradeId": "161237757", "ts": "1731445698337"}, {"instId": "OKB-USDT", "side": "sell", "sz": "0.10377", "px": "44.86", "tradeId": "161237756", "ts": "1731445698337"}, {"instId": "OKB-USDT", "side": "sell", "sz": "0.181686", "px": "44.86", "tradeId": "161237755", "ts": "1731445698337"}, {"instId": "OKB-USDT", "side": "sell", "sz": "0.177693", "px": "44.86", "tradeId": "161237754", "ts": "1731445698337"}, {"instId": "OKB-USDT", "side": "sell", "sz": "0.105341", "px": "44.86", "tradeId": "161237753", "ts": "1731445698337"}, {"instId": "OKB-USDT", "side": "sell", "sz": "4.912908", "px": "44.87", "tradeId": "161237752", "ts": "1731445698337"}, {"instId": "OKB-USDT", "side": "sell", "sz": "5.56351", "px": "44.87", "tradeId": "161237751", "ts": "1731445698337"}, {"instId": "OKB-USDT", "side": "sell", "sz": "1.4", "px": "44.87", "tradeId": "161237750", "ts": "1731445698337"}, {"instId": "OKB-USDT", "side": "sell", "sz": "3", "px": "44.87", "tradeId": "161237749", "ts": "1731445698337"}, {"instId": "OKB-USDT", "side": "buy", "sz": "0.1042", "px": "44.86", "tradeId": "161237762", "ts": "1731445698352"}, {"instId": "OKB-USDT", "side": "buy", "sz": "0.118158", "px": "44.86", "tradeId": "161237763", "ts": "1731445698361"}, {"instId": "OKB-USDT", "side": "buy", "sz": "1.08139", "px": "44.86", "tradeId": "161237764", "ts": "1731445699660"}, {"instId": "OKB-USDT", "side": "buy", "sz": "0.695934", "px": "44.86", "tradeId": "161237765", "ts": "1731445699665"}, {"instId": "OKB-USDT", "side": "sell", "sz": "0.645655", "px": "44.85", "tradeId": "161237777", "ts": "1731445703202"}, {"instId": "OKB-USDT", "side": "sell", "sz": "5.565973", "px": "44.85", "tradeId": "161237776", "ts": "1731445703202"}, {"instId": "OKB-USDT", "side": "sell", "sz": "3", "px": "44.85", "tradeId": "161237775", "ts": "1731445703202"}, {"instId": "OKB-USDT", "side": "sell", "sz": "3.7", "px": "44.85", "tradeId": "161237774", "ts": "1731445703202"}, {"instId": "OKB-USDT", "side": "sell", "sz": "5", "px": "44.85", "tradeId": "161237773", "ts": "1731445703202"}, {"instId": "OKB-USDT", "side": "sell", "sz": "0.15", "px": "44.85", "tradeId": "161237772", "ts": "1731445703202"}, {"instId": "OKB-USDT", "side": "sell", "sz": "1.114827", "px": "44.85", "tradeId": "161237771", "ts": "1731445703202"}, {"instId": "OKB-USDT", "side": "sell", "sz": "0.192945", "px": "44.85", "tradeId": "161237770", "ts": "1731445703202"}, {"instId": "OKB-USDT", "side": "sell", "sz": "0.101645", "px": "44.85", "tradeId": "161237769", "ts": "1731445703202"}, {"instId": "OKB-USDT", "side": "sell", "sz": "0.172682", "px": "44.85", "tradeId": "161237768", "ts": "1731445703202"}, {"instId": "OKB-USDT", "side": "sell", "sz": "5.949971", "px": "44.86", "tradeId": "161237767", "ts": "1731445703202"}, {"instId": "OKB-USDT", "side": "sell", "sz": "0.385456", "px": "44.86", "tradeId": "161237766", "ts": "1731445703202"}, {"instId": "OKB-USDT", "side": "sell", "sz": "0.57912", "px": "44.83", "tradeId": "161237788", "ts": "1731445705514"}, {"instId": "OKB-USDT", "side": "sell", "sz": "0.15", "px": "44.84", "tradeId": "161237787", "ts": "1731445705514"}, {"instId": "OKB-USDT", "side": "sell", "sz": "5.566752", "px": "44.84", "tradeId": "161237786", "ts": "1731445705514"}, {"instId": "OKB-USDT", "side": "sell", "sz": "2.157886", "px": "44.84", "tradeId": "161237785", "ts": "1731445705514"}, {"instId": "OKB-USDT", "side": "sell", "sz": "0.28431", "px": "44.84", "tradeId": "161237784", "ts": "1731445705514"}, {"instId": "OKB-USDT", "side": "sell", "sz": "3", "px": "44.84", "tradeId": "161237783", "ts": "1731445705514"}, {"instId": "OKB-USDT", "side": "sell", "sz": "4.7", "px": "44.84", "tradeId": "161237782", "ts": "1731445705514"}, {"instId": "OKB-USDT", "side": "sell", "sz": "0.100314", "px": "44.84", "tradeId": "161237781", "ts": "1731445705514"}, {"instId": "OKB-USDT", "side": "sell", "sz": "0.10497", "px": "44.84", "tradeId": "161237780", "ts": "1731445705514"}, {"instId": "OKB-USDT", "side": "sell", "sz": "3", "px": "44.85", "tradeId": "161237779", "ts": "1731445705514"}, {"instId": "OKB-USDT", "side": "sell", "sz": "4.77427", "px": "44.85", "tradeId": "161237778", "ts": "1731445705514"}, {"instId": "OKB-USDT", "side": "sell", "sz": "0.145797", "px": "44.83", "tradeId": "161237789", "ts": "1731445736354"}, {"instId": "OKB-USDT", "side": "sell", "sz": "1.266656", "px": "44.83", "tradeId": "161237793", "ts": "1731445753104"}, {"instId": "OKB-USDT", "side": "sell", "sz": "0.15", "px": "44.83", "tradeId": "161237792", "ts": "1731445753104"}, {"instId": "OKB-USDT", "side": "sell", "sz": "0.503826", "px": "44.83", "tradeId": "161237791", "ts": "1731445753104"}, {"instId": "OKB-USDT", "side": "sell", "sz": "0.408188", "px": "44.83", "tradeId": "161237790", "ts": "1731445753104"}, {"instId": "OKB-USDT", "side": "buy", "sz": "0.472935", "px": "44.87", "tradeId": "161237795", "ts": "1731445753439"}, {"instId": "OKB-USDT", "side": "buy", "sz": "0.849775", "px": "44.87", "tradeId": "161237794", "ts": "1731445753439"}, {"instId": "OKB-USDT", "side": "buy", "sz": "0.969572", "px": "44.86", "tradeId": "161237796", "ts": "1731445777663"}, {"instId": "OKB-USDT", "side": "sell", "sz": "0.20492", "px": "44.86", "tradeId": "161237797", "ts": "1731445801354"}, {"instId": "OKB-USDT", "side": "sell", "sz": "3", "px": "44.84", "tradeId": "161237802", "ts": "1731445809587"}, {"instId": "OKB-USDT", "side": "sell", "sz": "0.15", "px": "44.84", "tradeId": "161237801", "ts": "1731445809587"}, {"instId": "OKB-USDT", "side": "sell", "sz": "0.849775", "px": "44.84", "tradeId": "161237800", "ts": "1731445809587"}, {"instId": "OKB-USDT", "side": "sell", "sz": "1.08139", "px": "44.86", "tradeId": "161237799", "ts": "1731445809587"}, {"instId": "OKB-USDT", "side": "sell", "sz": "1.614336", "px": "44.86", "tradeId": "161237798", "ts": "1731445809587"}, {"instId": "OKB-USDT", "side": "sell", "sz": "5.569083", "px": "44.83", "tradeId": "161237807", "ts": "1731445841575"}, {"instId": "OKB-USDT", "side": "sell", "sz": "0.15", "px": "44.83", "tradeId": "161237806", "ts": "1731445841575"}, {"instId": "OKB-USDT", "side": "sell", "sz": "3", "px": "44.83", "tradeId": "161237805", "ts": "1731445841575"}, {"instId": "OKB-USDT", "side": "sell", "sz": "3", "px": "44.84", "tradeId": "161237804", "ts": "1731445841575"}, {"instId": "OKB-USDT", "side": "sell", "sz": "1.08139", "px": "44.85", "tradeId": "161237803", "ts": "1731445841575"}, {"instId": "OKB-USDT", "side": "sell", "sz": "0.161498", "px": "44.82", "tradeId": "161237808", "ts": "1731445871354"}, {"instId": "OKB-USDT", "side": "buy", "sz": "1.142307", "px": "44.86", "tradeId": "161237809", "ts": "1731445905663"}, {"instId": "OKB-USDT", "side": "sell", "sz": "0.187381", "px": "44.83", "tradeId": "161237810", "ts": "1731445927354"}, {"instId": "OKB-USDT", "side": "sell", "sz": "0.689357", "px": "44.82", "tradeId": "161237812", "ts": "1731445975660"}, {"instId": "OKB-USDT", "side": "sell", "sz": "0.105094", "px": "44.83", "tradeId": "161237811", "ts": "1731445975660"}, {"instId": "OKB-USDT", "side": "buy", "sz": "0.120538", "px": "44.86", "tradeId": "161237814", "ts": "1731445987454"}, {"instId": "OKB-USDT", "side": "buy", "sz": "0.120538", "px": "44.86", "tradeId": "161237813", "ts": "1731445987454"}, {"instId": "OKB-USDT", "side": "buy", "sz": "0.120538", "px": "44.87", "tradeId": "161237862", "ts": "1731445987455"}, {"instId": "OKB-USDT", "side": "buy", "sz": "0.120538", "px": "44.87", "tradeId": "161237861", "ts": "1731445987455"}, {"instId": "OKB-USDT", "side": "buy", "sz": "0.120538", "px": "44.87", "tradeId": "161237860", "ts": "1731445987455"}, {"instId": "OKB-USDT", "side": "buy", "sz": "0.120538", "px": "44.87", "tradeId": "161237859", "ts": "1731445987455"}, {"instId": "OKB-USDT", "side": "buy", "sz": "0.120538", "px": "44.87", "tradeId": "161237858", "ts": "1731445987455"}, {"instId": "OKB-USDT", "side": "buy", "sz": "0.120538", "px": "44.87", "tradeId": "161237857", "ts": "1731445987455"}, {"instId": "OKB-USDT", "side": "buy", "sz": "0.120538", "px": "44.87", "tradeId": "161237856", "ts": "1731445987455"}, {"instId": "OKB-USDT", "side": "buy", "sz": "0.120538", "px": "44.87", "tradeId": "161237855", "ts": "1731445987455"}, {"instId": "OKB-USDT", "side": "buy", "sz": "0.120538", "px": "44.87", "tradeId": "161237854", "ts": "1731445987455"}, {"instId": "OKB-USDT", "side": "buy", "sz": "0.120538", "px": "44.87", "tradeId": "161237853", "ts": "1731445987455"}, {"instId": "OKB-USDT", "side": "buy", "sz": "0.120538", "px": "44.87", "tradeId": "161237852", "ts": "1731445987455"}, {"instId": "OKB-USDT", "side": "buy", "sz": "0.120538", "px": "44.87", "tradeId": "161237851", "ts": "1731445987455"}, {"instId": "OKB-USDT", "side": "buy", "sz": "0.120538", "px": "44.87", "tradeId": "161237850", "ts": "1731445987455"}, {"instId": "OKB-USDT", "side": "buy", "sz": "0.097341", "px": "44.87", "tradeId": "161237849", "ts": "1731445987455"}, {"instId": "OKB-USDT", "side": "buy", "sz": "0.023197", "px": "44.87", "tradeId": "161237848", "ts": "1731445987455"}, {"instId": "OKB-USDT", "side": "buy", "sz": "0.120538", "px": "44.87", "tradeId": "161237847", "ts": "1731445987455"}, {"instId": "OKB-USDT", "side": "buy", "sz": "0.120538", "px": "44.87", "tradeId": "161237846", "ts": "1731445987455"}, {"instId": "OKB-USDT", "side": "buy", "sz": "0.120538", "px": "44.87", "tradeId": "161237845", "ts": "1731445987455"}, {"instId": "OKB-USDT", "side": "buy", "sz": "0.120538", "px": "44.87", "tradeId": "161237844", "ts": "1731445987455"}, {"instId": "OKB-USDT", "side": "buy", "sz": "0.120538", "px": "44.87", "tradeId": "161237843", "ts": "1731445987455"}, {"instId": "OKB-USDT", "side": "buy", "sz": "0.120538", "px": "44.87", "tradeId": "161237842", "ts": "1731445987455"}, {"instId": "OKB-USDT", "side": "buy", "sz": "0.120538", "px": "44.87", "tradeId": "161237841", "ts": "1731445987455"}, {"instId": "OKB-USDT", "side": "buy", "sz": "0.120538", "px": "44.87", "tradeId": "161237840", "ts": "1731445987455"}, {"instId": "OKB-USDT", "side": "buy", "sz": "0.120538", "px": "44.87", "tradeId": "161237839", "ts": "1731445987455"}, {"instId": "OKB-USDT", "side": "buy", "sz": "0.120538", "px": "44.87", "tradeId": "161237838", "ts": "1731445987455"}, {"instId": "OKB-USDT", "side": "buy", "sz": "0.120538", "px": "44.87", "tradeId": "161237837", "ts": "1731445987455"}, {"instId": "OKB-USDT", "side": "buy", "sz": "0.120538", "px": "44.87", "tradeId": "161237836", "ts": "1731445987455"}, {"instId": "OKB-USDT", "side": "buy", "sz": "0.120538", "px": "44.87", "tradeId": "161237835", "ts": "1731445987455"}, {"instId": "OKB-USDT", "side": "buy", "sz": "0.081215", "px": "44.87", "tradeId": "161237834", "ts": "1731445987455"}, {"instId": "OKB-USDT", "side": "buy", "sz": "0.039323", "px": "44.86", "tradeId": "161237833", "ts": "1731445987455"}, {"instId": "OKB-USDT", "side": "buy", "sz": "0.120538", "px": "44.86", "tradeId": "161237832", "ts": "1731445987455"}, {"instId": "OKB-USDT", "side": "buy", "sz": "0.120538", "px": "44.86", "tradeId": "161237831", "ts": "1731445987455"}, {"instId": "OKB-USDT", "side": "buy", "sz": "0.120538", "px": "44.86", "tradeId": "161237830", "ts": "1731445987455"}, {"instId": "OKB-USDT", "side": "buy", "sz": "0.120538", "px": "44.86", "tradeId": "161237829", "ts": "1731445987455"}, {"instId": "OKB-USDT", "side": "buy", "sz": "0.120538", "px": "44.86", "tradeId": "161237828", "ts": "1731445987455"}, {"instId": "OKB-USDT", "side": "buy", "sz": "0.120538", "px": "44.86", "tradeId": "161237827", "ts": "1731445987455"}, {"instId": "OKB-USDT", "side": "buy", "sz": "0.120538", "px": "44.86", "tradeId": "161237826", "ts": "1731445987455"}, {"instId": "OKB-USDT", "side": "buy", "sz": "0.120538", "px": "44.86", "tradeId": "161237825", "ts": "1731445987455"}, {"instId": "OKB-USDT", "side": "buy", "sz": "0.096373", "px": "44.86", "tradeId": "161237824", "ts": "1731445987455"}, {"instId": "OKB-USDT", "side": "buy", "sz": "0.024165", "px": "44.86", "tradeId": "161237823", "ts": "1731445987455"}, {"instId": "OKB-USDT", "side": "buy", "sz": "0.120538", "px": "44.86", "tradeId": "161237822", "ts": "1731445987455"}, {"instId": "OKB-USDT", "side": "buy", "sz": "0.120538", "px": "44.86", "tradeId": "161237821", "ts": "1731445987455"}, {"instId": "OKB-USDT", "side": "buy", "sz": "0.120538", "px": "44.86", "tradeId": "161237820", "ts": "1731445987455"}, {"instId": "OKB-USDT", "side": "buy", "sz": "0.120538", "px": "44.86", "tradeId": "161237819", "ts": "1731445987455"}, {"instId": "OKB-USDT", "side": "buy", "sz": "0.120538", "px": "44.86", "tradeId": "161237818", "ts": "1731445987455"}, {"instId": "OKB-USDT", "side": "buy", "sz": "0.120538", "px": "44.86", "tradeId": "161237817", "ts": "1731445987455"}, {"instId": "OKB-USDT", "side": "buy", "sz": "0.120538", "px": "44.86", "tradeId": "161237816", "ts": "1731445987455"}, {"instId": "OKB-USDT", "side": "buy", "sz": "0.120538", "px": "44.86", "tradeId": "161237815", "ts": "1731445987455"}, {"instId": "OKB-USDT", "side": "sell", "sz": "0.225712", "px": "44.83", "tradeId": "161237863", "ts": "1731445990354"}, {"instId": "OKB-USDT", "side": "sell", "sz": "1.478826", "px": "44.83", "tradeId": "161237868", "ts": "1731445990577"}, {"instId": "OKB-USDT", "side": "sell", "sz": "5.57013", "px": "44.83", "tradeId": "161237867", "ts": "1731445990577"}, {"instId": "OKB-USDT", "side": "sell", "sz": "3", "px": "44.83", "tradeId": "161237866", "ts": "1731445990577"}, {"instId": "OKB-USDT", "side": "sell", "sz": "1.4", "px": "44.83", "tradeId": "161237865", "ts": "1731445990577"}